2338 4140
56 363 60 376 ¹
117 349 177 412 ibi
217 333 224 348 '¹
375 393 390 404 .·
481 340 696 414 Enarratid
775 307 777 316 Δ

115 503 177 573 est,
204 501 241 562 ut
270 497 378 564 benet
404 504 435 561 et
463 499 636 580 indignetur
657 495 760 576 Satan,
783 507 882 578 neque
903 502 982 560 enim
1002 497 1081 564 vult
1166 492 1167 575 J

23 629 24 640 κ
115 601 253 661 emittere
278 619 364 662 suum
393 619 519 679 regnum
539 601 705 676 iniquitatis
727 603 760 666 et
777 601 891 660 mortis.
934 602 1005 662 ldeo
1026 605 1083 662 in·
1166 590 1167 597 ἵ

113 699 197 758 vadit
218 701 290 759 istos
311 701 430 758 nuntios
442 701 542 770 -verbi,
565 704 595 759 et
617 699 727 773 occidit
742 719 801 771 eoS,
823 703 986 784 perturbat
1006 722 1080 774 nos,

108 803 149 860 'et
170 799 283 878 affligit,
303 797 429 877 impellit
451 797 490 857 ad
511 797 749 878 desperationem
778 804 809 860 et
830 801 999 871 contristat,
1023 821 1082 862 su-

111 885 206 958 ‘soitat
228 901 334 969 sectas,
355 899 510 970 haereses,
530 902 688 974 tyrannos,
711 903 742 959 et
770 901 814 960 sie
833 900 967 976 undique
984 903 1021 960 ui
1043 905 1082 960 et

59 1003 61 1009 ’
113 997 220 1068 fraude
241 997 374 1058 defendit
396 1018 429 1058 se
451 1003 482 1058 et
502 998 615 1078 inuadit
635 1018 761 1081 regnum
782 1001 909 1072 christi,
937 1003 970 1060 et
991 1001 1082 1060 siout

115 1096 255 1157 Christus
285 1099 430 1171 Satanae,
460 1084 619 1158 siesatan
643 1088 755 1158 Christi
786 1115 878 1178 opera
905 1100 1080 1160 dissolvere

36 1241 40 1249 ,
113 1196 188 1269 vult,
209 1184 316 1276 nempe
336 1198 434 1270 vitam,
455 1189 776 1278 justitiam,sgaudium
797 1203 855 1258 ete.

196 1297 283 1356 Haeo
304 1300 473 1376 experimur
492 1297 579 1358 hodie
601 1299 698 1370 etiam,
720 1294 801 1378 quod
821 1317 887 1356 mox
907 1302 1080 1377 postquam

113 1396 290 1476 evangelion
324 1401 423 1458 ortum
460 1403 521 1470 est,
555 1385 676 1458 sublata
720 1402 752 1458 et
778 1394 901 1458 turbate
933 1405 981 1458 est
1012 1419 1080 1480 pax

112 1498 226 1558 mundi.
268 1497 372 1558 Donec
392 1498 468 1556 enim
489 1500 575 1559 fortis
596 1499 647 1560 ille
660 1487 661 1490 ¹
673 1500 703 1558 in
725 1500 783 1566 otio
804 1500 902 1558 tenuit
921 1499 1080 1577 palatium

69 1653 90 1681 „
113 1616 215 1670 suurn,
236 1616 295 1678 pax
316 1598 388 1658 init:
411 1599 466 1663 sed
485 1617 631 1679 posquam
653 1600 734 1658 venit
753 1599 872 1678 sortior,
894 1599 935 1656 ibi
958 1590 1078 1660 excitet

11 1727 13 1736 ν
112 1698 275 1772 turnultus,
296 1698 338 1758 ibi
358 1699 432 1758 furit
453 1687 484 1758 et
504 1701 609 1759 turbat
634 1700 739 1758 omnia.
780 1696 955 1758 Andiuntur
975 1700 1079 1776 igitur

113 1802 179 1859 tum
205 1799 275 1858 illue
304 1798 408 1860 mundi
435 1798 589 1874 querelae,
620 1818 696 1876 quae
726 1817 807 1858 nunc
836 1799 925 1857 etiem
954 1799 1076 1874 ubique

58 1978 60 1984 y
111 1877 313 1980 sparguntur,
341 1902 411 1959 ante
424 1899 515 1959 hano
543 1897 708 1974 doctrinam
736 1898 834 1960 omnia
859 1897 953 1958 fuisse
984 1901 1078 1959 tran-

31 2005 34 2010 '
114 1999 215 2078 quilla,
235 2003 352 2078 pecata,
373 2005 534 2079 prospera,
556 2017 636 2058 nune
655 1986 815 2078 postquam
835 1997 910 2057 haec
931 1997 1078 2060 doctrino

113 2098 214 2160 doceri
238 2104 345 2179 coepta
364 2103 419 2172 est,
441 2097 538 2160 omnia
551 2100 724 2180 perturbari
737 2098 925 2171 tumultibus,
946 2099 1075 2160 misceri

111 2197 256 2259 bellisne
277 2199 433 2284 caedibus,
455 2201 528 2260 nihil
547 2217 691 2280 prospere
712 2199 776 2278 geri
796 2203 852 2274 eto

119 2365 120 2370 η
180 2285 304 2356 'Verum
324 2298 497 2376 hujusmodi
517 2318 604 2360 voces
627 2303 697 2359 sunt
719 2317 807 2358 voees
830 2297 992 2378 stultorum
1013 2299 1075 2360 ho-

111 2399 239 2469 minum,
267 2399 477 2470 nescientium,
497 2399 579 2476 ·quid
598 2418 655 2478 per
675 2400 799 2460 verbum
819 2403 935 2476 agatur.
979 2400 1074 2460 Chri-

112 2504 178 2561 stus
199 2517 255 2580 per
274 2501 399 2560 verbum
418 2499 543 2569 laborat,
565 2502 600 2558 ut
620 2497 729 2558 liberet
750 2517 768 2558 a
788 2503 883 2558 morte
908 2504 939 2559 et
958 2517 1073 2579 pecca-
1095 2563 1100 2572 ,

89 2609 90 2613 ’
112 2602 160 2674 tis,
183 2605 289 2662 eontra
309 2598 452 2660 'diabolus
480 2598 546 2658 vult
576 2599 673 2659 omnia
693 2603 789 2662 morte
810 2603 840 2659 et
859 2602 993 2678 peccatis
1013 2620 1071 2682 op-

39 2751 41 2756 .
111 2701 209 2782 primi.
252 2699 405 2766 Quomodo
438 2700 531 2780 igitur
556 2699 662 2780 potest
690 2699 778 2758 aliter
804 2699 889 2771 fieri,
913 2719 1003 2778 quam
1030 2711 1069 2764 ut

111 2800 237 2861 tollatur
256 2819 322 2880 pax,
344 2803 375 2860 et
394 2803 595 2878 uterquepro
616 2818 669 2858 suo
690 2817 783 2878 regno
804 2800 960 2860 retinendo
976 2801 1069 2862 'dimi-

92 2901 177 2987 oet,
212 2881 350 2974 Christus
380 2903 483 2959 contra
505 2900 648 2958 Satanam
674 2917 731 2978 per
756 2899 953 2960 ministerium
973 2902 1067 2976 verbi,

69 2991 71 2998 '
112 3001 208 3060 Satan
239 3003 343 3060 contra
375 2998 528 3059 Christum
557 3016 613 3077 per
637 2999 771 3058 membra
791 3017 860 3072 sua,
889 2999 1065 3076 haereticos,

110 3100 201 3160 falsos
223 3097 348 3172 iratres,
369 3103 518 3176 tyrannos
545 3099 625 3158 etet
655 3100 689 3158 Si
722 3101 817 3178 igitur
840 3099 892 3160 vis.
906 3089 1067 3162 loetariin

111 3197 245 3270 Christo,
274 3204 395 3278 oportet
416 3203 447 3260 te
467 3199 546 3258 ferre
566 3202 693 3278 propter
714 3191 782 3258 eum
804 3200 973 3273 tristitiam,
994 3220 1066 3282 per·

110 3300 318 3384 turbationem,
341 3301 509 3360 vexationes
533 3301 613 3360 intus
635 3303 667 3360 et
686 3300 767 3360 ioris.
810 3299 898 3360 Ratio
917 3305 971 3374 est,
993 3303 1067 3378 quie

1 3431 2 3480 3
110 3417 170 3477 non
190 3404 275 3479 potes
309 3399 471 3460 adhaerere
493 3396 626 3474 Christo,
654 3401 711 3460 nisi
739 3385 870 3460 offendis
896 3401 1064 3482 principem

42 3481 48 3503 ¹
111 3500 229 3578 mundi,
259 3518 318 3558 non
340 3503 434 3577 ,potes
462 3502 591 3561 retinere
622 3489 719 3559 Deum
752 3501 846 3570 vitae,
878 3501 935 3559 nisi
964 3502 1064 3562 irrites

1 3613 2 3660 1
112 3604 218 3660 contra
239 3604 270 3659 te
290 3602 442 3660 auctorem
463 3601 574 3658 mortis.
605 3599 667 3656 Sed
687 3601 816 3678 imperiti
836 3599 969 3660 homines
989 3602 1064 3662 haee

107 3697 247 3774 judicare
268 3717 327 3758 non
347 3701 481 3776 possunt,
514 3698 580 3756 ideo
602 3701 705 3756 sancto
726 3697 782 3756 Dei
803 3700 894 3758 verbo
914 3701 1063 3780 imputant

1 3855 2 3858 ,
111 3809 233 3868 oausam
243 3797 452 3882 tumultuum,
474 3795 667 3882 seditionum,
687 3797 864 3870 haeresium,
885 3803 917 3859 et
936 3799 1062 3862 eborum
