2366 4142
115 336 157 400 80
286 359 287 366 “
485 331 694 400 linariatio
802 331 876 360 “’
1044 393 1049 402 ,

114 493 167 550 ιιι
186 473 262 561 adu
282 487 314 548 ιι
333 491 457 574 aetem
476 493 573 552 morta
592 491 763 568 punientur,
783 505 840 550 nec
863 493 1008 570 ponem
1027 507 1061 554 a
1171 487 1172 512 ³

83 637 85 642 .
116 589 251 650 evolvere
272 607 307 676 ιιι
326 588 468 668 peccatis,
490 592 547 678 aut¹
563 588 694 668 effugere
714 591 987 670 peecati'poenam.
1069 649 1072 666 ,

138 710 143 722 ’
195 724 256 784 Sed
277 723 333 782 hoo
353 723 431 802 regis
453 723 546 782 nostri
567 740 710 802 regnum,
743 725 819 810 haee
839 724 904 802 ejas
927 725 1063 786 doctrina

90 807 161 884 'est
182 823 297 884 occasio
320 803 477 892 motuum,
505 822 542 880 do
575 823 681 898 quihus
714 824 848 903 psalmus
875 825 966 884 initio
977 825 1060 885 'dixit
1172 811 1173 852 ¹

114 923 352 983 Tumultuantnr
384 923 460 982 enim
482 925 593 1000 gentes,
613 909 716 1002 populi
743 923 941 996 meditantur,
973 943 1060 1004 regua

32 1063 40 1074 ι
98 1021 147 1084 'se
169 1026 359 1092 commovent,
382 1027 412 1082 et
432 1023 582 1100 principes
606 1023 785 1102 conspirant,
806 1017 923 1110 tantiam
937 1022 1060 1103 ideo⁹),
1081 1029 1085 1034 ’
1130 1039 1134 1042 ·

112 1127 148 1184 nt
167 1124 248 1182 hune
278 1133 379 1201 regem
409 1127 439 1181 et
461 1121 554 1184 doct'
530 1141 624 1181 ranam
653 1123 733 1200 ejus,
763 1143 823 1199 qna
849 1105 971 1203 repunt,
992 1125 1062 1184 abo-

113 1223 203 1294 leant,
225 1221 315 1312 idque
336 1222 413 1280 hane
434 1221 496 1280 ob
494 1241 614 1282 causam
634 1241 693 1282 non
706 1217 823 1288 tautum
839 1225 1060 1286 suntinstrncti

112 1323 227 1384 ratione
250 1325 280 1382 ot
303 1322 448 1401 sapientia
469 1325 572 1400 gentes
595 1324 626 1380 et
646 1321 757 1400 populi,
780 1323 834 1382 sed
854 1313 943 1384 etia'm
965 1320 1058 1384 libero

113 1423 249 1494 arbitrio,
293 1440 405 1498 quoae
429 1407 612 1490 conformant
637 1420 676 1480 ad
706 1421 860 1496 honestam
883 1428 914 1483 et
935 1425 966 1485 in
993 1442 1060 1504 spo-

78 1503 80 1510 *
114 1526 188 1582 ciem
223 1527 356 1582 sanctam
386 1523 484 1601 vitam.
541 1519 604 1579 Nisi
630 1522 724 1584 ‚enim
742 1521 809 1581 'hoo
839 1522 938 1599 aliquo
972 1523 1058 1600 modo

112 1623 143 1682 in
173 1623 298 1688 hominis
329 1621 441 1680 viribus
477 1623 559 1690 esset
586 1621 746 1706 positum?
780 1621 850 1697 quid
894 1619 1069 1702 disciplina,-
1174 1643 1175 1648 ¹

112 1719 185 1802 qnid
225 1713 306 1801 leges
347 1718 545 1800 prodessenti
590 1719 679 1784 (duod
714 1723 814 1780 autem
856 1721 976 1797 quidam
1016 1721 1057 1784 le-

111 1843 181 1902 gum
213 1821 336 1884 uinculis
365 1820 526 1898 constringi
555 1818 733 1898 cupiditates
755 1838 824 1880 snas
846 1821 961 1891 sinunt,
994 1821 1057 1897 qui·

111 1923 178 2004 dam
201 1926 299 1982 autem
319 1931 461 1994 tanquam
481 1919 591 1976 rabiosi
611 1937 699 1976 oanes
715 1918 834 1978 vincula
848 1921 1056 1999 perrumpunt,

44 2040 46 2042 ·
111 2014 334 2100 eiindulgent
340 2018 453 2097 eupidit
441 2019 560 2088 tatibus,
583 2019 650 2094 quie
670 2037 730 2078 nou
750 2017 831 2078 videt
855 2019 912 2078 hoo
931 2021 1054 2080 rationis

80 2192 81 2196 Ἰ
109 2123 255 2181 humanae
276 2137 351 2198 opus
387 2135 461 2188 esse,
484 2111 564 2204 quod
592 2119 681 2180 etiam
713 2103 777 2178 siue
804 2118 921 2198 Spiritu
949 2124 1054 2182 sancto

108 2223 175 2301 ipsa
190 2212 246 2300 per'
266 2239 299 2278 se
318 2223 476 2330 praestare
492 2217 613 2298 potasti

143 2357 247 2431 His
269 2336 366 2450 igitur
384 2367 483 2441 donis,
505 2369 619 2429 scilieet
640 2367 751 2430 lumine
771 2367 894 2430 rationis
916 2369 1056 2432 et.·hi1er

109 2476 173 2558 tate
194 2457 308 2531 arbitrii
330 2463 472 2528 inflantur
491 2471 610 2548 gentes,
638 2473 669 2528 et
698 2487 800 2546 regem
829 2469 909 2528 huno
933 2472 1055 2550 eupiunt

48 2588 50 2592 ’
79 2641 86 2652 x
110 2580 301 2654 oppressum,
321 2570 381 2646 qui
402 2567 489 2628 simul
522 2571 552 2626 et
571 2565 694 2626 rationis
716 2567 816 2635 lumen
838 2573 868 2628 ot
888 2567 1055 2632 libertatem

110 2673 226 2734 arbitrii
253 2671 373 2745 damnat
405 2674 435 2728 et
462 2667 578 2746 abjicit,
611 2670 753 2743 tanquam
787 2665 827 2726 ad
854 2669 1060 2730 remissionem

107 2769 300 2854 peecatorum
332 2773 362 2860 et
389 2770 479 2828 vitam
508 2771 659 2828 aeternam
687 2765 811 2825 inutilia.
853 2763 950 2827 Docet
979 2771 1054 2830 enim

24 2901 54 2927 μ
107 2873 235 2942 hierax,
270 2868 470 2930 remissionem
498 2870 694 2946 peecatorum
724 2871 757 2924 et
776 2867 866 2926 vitam
903 2871 1053 2930 aeternam

108 2975 236 3032 tantum
253 2987 309 3048 per
341 2975 432 3028 suam
455 2971 580 3026 mortam
611 2968 642 3024 et
661 2965 768 3025 merita
797 2983 852 3026 sna
872 2969 1051 3049 contingere,

108 3087 144 3131 ao
165 3069 220 3138 sibi
240 3068 317 3126 hano
345 3071 470 3147 apatre
496 3065 640 3126 traditam
666 3068 845 3143 potestatem
872 3065 953 3126 dieii.
997 3067 1063 3148 ca

98 3175 206 3232 terum
241 3167 351 3226 lumine
377 3167 500 3226 rationis
533 3169 568 3224 et·
592 3165 712 3224 arbitrio
742 3183 796 3223 seu
815 3163 968 3246 uoluntate
989 3167 1053 3228 vult

106 3269 238 3330 homines
267 3267 312 3325 uti
342 3267 380 3325 ad
400 3267 489 3344 hujus
511 3261 614 3324 mundi
636 3281 684 3322 res
714 3264 923 3342 gubernandas
962 3272 993 3326 et
1014 3267 1053 3326 ad

96 3365 317 3450 'praestandam
338 3365 369 3422 in
391 3369 514 3424 externa¹
533 3365 591 3422 vita
610 3358 802 3422 honestatem.
844 3363 919 3426 Nam
938 3364 978 3426 ad
997 3366 1052 3427 hoo

107 3459 192 3532 ambo
214 3467 288 3526 haec
307 3463 383 3522 ratio
406 3467 436 3522 et
456 3463 592 3522 voluntas
613 3457 823 3522 valent.·'Sed
842 3461 898 3524 hoc
914 3465 1050 3543 gentibus

83 3570 245 3674 ,exipumn
271 3563 405 3635 videtur,
439 3561 547 3622 salvari
576 3579 632 3642 per
662 3560 736 3622 haec
756 3566 881 3624 naturae
906 3563 984 3625 dona
1002 3549 1071 3628 tos

103 3720 307 3740 W*

137 3797 172 3868 d)
191 3797 245 3852 Cor
264 3791 492 3867 gentes-cinisio
513 3798 708 3874 ae'opponant.
795 3775 800 3784 x
890 3791 894 3798 '
