2338 4140
436 329 707 406 ιιιιιιιιιιι.
789 287 942 362 ’Ὗ
1002 299 1167 436 ιιι

384 485 588 572 Intende
589 490 790 574 prospere.
1110 552 1113 556 ,

193 585 301 646 Melius
321 591 509 672 verteretur.
551 587 585 646 ln
612 594 719 646 ornatu
739 589 792 642 tuo
812 601 1008 664 prosperare,
1029 602 1063 676 es
1152 575 1153 578 ¹

108 707 211 748 musso
232 687 279 746 dir
300 685 467 766 gelingen
458 706 490 745 ιιι
512 687 628 745 deihem
649 683 809 743 Schmuolr.
842 684 932 744 Scitis
954 667 1062 760 eutem,

109 777 287 864 quomodo
279 795 309 844 ιιι
330 790 424 864 papst
411 787 504 846 tuhic
519 803 624 846 versus
635 784 674 842 sit
685 783 846 856 laceratus,
856 788 887 844 et
900 803 1064 848 accommo-
1117 793 1120 806 ’

101 887 224 952 ¹derunt
246 903 313 944 eum
335 882 375 944 ed
394 888 512 944 beatem
534 881 685 969 virginem,
708 883 746 942 de
764 902 823 960 que
842 883 892 944 hie
911 885 984 948 nihil
1002 885 1071 966 ogi-f

108 991 170 1046 tur.
213 983 362 1062 Loquitur
384 986 461 1046 enim
483 985 520 1044 de
542 1002 634 1062 regno
657 983 782 1056 Christi,
805 970 951 1062 significet
972 985 1065 1064 igitur

107 1067 242 1146 druetum
256 1085 347 1163 hujus
368 1087 547 1155 armaturae,
570 1083 658 1158 quasi
669 1082 764 1141 dicet:
787 1081 852 1141 Non
864 1083 978 1144 frustra
995 1076 1076 1144 eon?

103 1175 242 1246 'tutemus
254 1185 449 1256 adversarios,
462 1203 521 1252 uon
533 1183 647 1242 irustre
658 1181 843 1242 defendimus
854 1185 977 1242 verbum
987 1185 1064 1244 veri·
1095 1231 1096 1234 *
1111 1253 1114 1264 Ι
1131 1256 1132 1262 ¹

80 1273 84 1288 ’
110 1288 183 1346 tatis
205 1288 309 1346 contre
330 1289 445 1355 sectus,
467 1302 526 1342 non
549 1283 663 1342 frustra
692 1281 879 1342 consolamur
909 1283 1065 1362 pusillani-
1093 1339 1101 1346 ,
1126 1337 1131 1348 ,

110 1406 174 1461 mes
187 1403 244 1465 per
265 1386 389 1444 verbum
401 1385 573 1464 patientiae,
593 1385 639 1442 est
655 1382 757 1442 efficax
769 1383 826 1441 hoc
840 1375 972 1455 verbum,
982 1437 985 1446 ,
994 1385 1066 1461 quie

114 1490 163 1545 est
183 1484 241 1544 Dei
261 1485 404 1555 verbum,
435 1503 492 1542 nee
511 1484 575 1543 obit
595 1478 659 1542 sine
679 1483 796 1554 fructu,
817 1483 896 1542 siout
916 1481 963 1544 est
983 1484 1066 1564 opud

110 1578 269 1648 Esaiam

366 1681 401 1742 V.
424 1679 596 1740 Procede
618 1684 657 1740 et
678 1699 814 1759 regne.

195 1781 380 1842 Vertendum
408 1784 488 1840 erat:
519 1778 686 1852 Adscendo,
707 1781 755 1840 vel
774 1799 921 1862 prospere
955 1785 1064 1861 equits,

114 1882 280 1964 ingredere
292 1882 375 1942 velut
397 1899 450 1939 rex
471 1879 577 1956 aliquis
598 1879 708 1944 invehit
695 1885 746 1940 tur
764 1883 796 1940 in
816 1883 935 1955 urbem,
956 1883 1016 1944 ιιι
1026 1883 1066 1945 ed
1136 1919 1138 1922 ·

112 1983 225 2043 bellum
245 1982 454 2063 proficiscitur.
497 1981 567 2040 Eris
589 1983 666 2039 enim
688 1981 757 2040 ielix
777 2001 845 2043 cum
866 1984 924 2044 iste
943 1987 997 2043 tue
1015 1999 1066 2044 ur·

112 2087 240 2142 mut.ure
284 2083 335 2140 Sic
364 2082 452 2140 debet
483 2081 558 2140 verti
579 2081 610 2140 in
630 2081 676 2142 sut
663 2085 731 2141 turo
752 2082 919 2142 indicativi.
972 2082 1066 2146 Arme
1114 2159 1116 2162 Ι

113 2187 169 2242 tus
190 2185 279 2242 erunt
300 2181 404 2264 felicio,
427 2181 486 2238 eris
507 2179 641 2240 fortunat
628 2186 677 2242 tus
697 2183 728 2241 in
749 2182 835 2242 bello.
869 2179 970 2259 Atque
990 2183 1078 2266 hoeo‘
1166 2177 1167 2182 ¹

115 2267 222 2358 quinte
243 2257 438 2368 commendet
431 2298 457 2338 ιο
480 2283 526 2338 est
540 2299 738 2352 .esuceessu
771 2282 907 2342 Pertinet
928 2285 1005 2361 enim
1019 2269 1066 2346 od

113 2383 255 2442 bonum
246 2385 374 2460 miperot
376 2399 464 2451 orem,
485 2383 521 2440 ut
542 2381 630 2438 etiem
651 2382 761 2442 sitfort
749 2386 880 2455 t,unetus
903 2385 1066 2463 sioutpru·

114 2481 223 2540 deuter
245 2481 346 2560 disput
348 2485 379 2540 et
402 2481 507 2539 Cicero
530 2479 567 2554 de
587 2481 738 2561 Pompejo.
770 2483 872 2546 (luere
893 2481 978 2542 addit
965 2487 1065 2550 teern
1160 2495 1164 2503 ’

788 2551 807 2590 δ

115 2600 234 2658 quoque
256 2580 546 2640 commendationem.
573 2579 737 2659 Asperum,
753 2583 856 2658 inquit,
878 2586 925 2642 est
944 2581 1065 2656 bellum,
1152 2641 1153 2645 ,

114 2700 168 2756 ιιι
188 2680 356 2760 ingreditur
378 2699 485 2751 curru,
514 2699 567 2738 nos
590 2698 708 2755 quoque
733 2681 764 2738 in
785 2683 922 2740 cruribus
943 2683 1065 2765 militiae

114 2799 177 2840 une
196 2781 332 2840 vehimur
353 2780 509 2856 (loquitur
524 2781 601 2839 enim
621 2797 677 2858 pro
698 2797 779 2838 more
801 2782 909 2843 veteris
922 2781 1062 2861 militiae)
1155 2779 1162 2797 ⁴

114 2881 164 2940 vel
184 2900 246 2940 une
267 2880 448 2958 equitumue,
479 2880 532 2939 sed
554 2897 621 2940 oum
641 2897 747 2957 magno
769 2898 919 2942 successu.
963 2881 1066 2947 duon-
1099 2914 1123 2952 ῃ

116 2999 207 3058 quum
228 2982 305 3040 enim
326 2979 489 3038 adversarii
511 2983 581 3040 sunt
602 2979 798 3056 potentissimi
820 2984 850 3039 et
868 2980 997 3060 plurimi,
1019 2985 1065 3048 te-

87 3082 99 3121 ἵ
113 3099 184 3140 men
204 3080 357 3140 vincimus.
401 3077 434 3136 in
462 3078 519 3138 hae
547 3079 624 3137 enim
645 3078 707 3137 acie
728 3097 807 3138 unus
827 3080 961 3143 minister
983 3071 1072 3148 verbi

114 3177 208 3240 audet
229 3197 297 3237 oum
318 3178 421 3240 decem
442 3178 572 3238 millibus
595 3177 743 3258 congredi,
765 3179 857 3240 eudet
878 3179 994 3246 adoriri
1010 3198 1065 3261 poe

113 3281 221 3359 petum
239 3281 345 3350 totum,
367 3275 543 3356 pontificem,
566 3278 735 3356 episcopos,
767 3279 934 3359 principes,
953 3297 1064 3360 regno,

114 3367 216 3441 sectas
238 3376 377 3436 infinitas.
421 3377 473 3435 Sie
493 3395 571 3436 uuus
584 3376 697 3444 Paulus
711 3381 824 3438 ,contro
841 3383 942 3442 totum
963 3381 1065 3441 orbem
1140 3360 1142 3370 ¹

112 3477 266 3538 terrorum
285 3477 439 3556 pugnavit.
490 3524 491 3528 ,

189 3576 275 3640 duis
296 3580 396 3636 eutem
416 3595 495 3636 uuus
516 3578 596 3636 ausit
616 3579 720 3636 contre
742 3581 856 3640 tentem
889 3579 1065 3660 sapientium
1165 3581 1167 3587 ‘

113 3681 147 3738 et
165 3676 331 3767 potentium
352 3675 502 3750 dimicare,
524 3680 555 3737 et
575 3695 633 3738 non
656 3676 751 3737 solum
773 3679 949 3758 sapientiem
971 3683 1064 3759 etpoff
1096 3751 1099 3756 ,
1144 3693 1146 3700 ·

79 3817 81 3826 ,
111 3777 239 3838 tentiam
258 3774 370 3850 urredi,
391 3775 451 3880 sed,
467 3777 692 3839 etiomSotenee
713 3782 744 3838 et
761 3781 920 3858 portorum
932 3779 1064 3844 ἰιιιιιιιιι
1086 3825 1089 3838 ,
