2382 4142
519 282 523 292 .
570 256 571 262 ’
675 272 677 274 ·
792 252 811 280 f

124 327 167 390 46
223 331 248 356 ¹
289 323 291 332 ’
484 324 765 400 ΙΙῙ·Ῑιιιιι·ιιι”ἰιι,ι
806 299 809 318 ’

124 481 243 562 phrasis
264 479 449 542 observanda
469 486 614 554 aetnam
634 503 703 544 cnm
723 485 874 563 scriptura
903 485 1079 566 dieitloqui

123 569 235 654 Deum,
260 581 399 661 intelligit
418 585 542 642 verbum
563 584 657 654 reale,
689 568 743 644 seu
764 585 925 657 actionem,
948 604 1008 646 non
1028 608 1078 648 so-

123 681 196 742 num
224 685 353 752 tantum,
382 674 477 760 qualis
505 669 608 748 nostes
637 668 692 744 est.
736 685 800 743 Non
834 674 912 744 enim
938 705 988 758 os,
1016 707 1078 748 non

122 782 254 862 linguam
274 783 365 842 habet
388 781 485 853 Deus,
517 785 564 842 est
585 783 663 842 enim
690 786 823 862 spiritus.
866 786 962 865 lgitur
985 807 1023 848 os
1043 794 1078 848 et

14 895 44 920 *ἰ
121 883 224 962 lingua
244 881 300 940 Dei
321 887 460 941 vocatur:
500 883 567 961 lpse
596 883 668 944 dixit
696 888 726 943 et
746 885 826 944 facta
847 891 930 957 sunt,
954 892 985 946 et
1006 907 1075 946 cum

12 1034 15 1048 ,
120 983 267 1058 loquium,
298 985 432 1046 tremunt
467 989 596 1054 montes,
632 985 816 1062 dissipantur
847 999 956 1064 regna,
992 991 1076 1057 totus

37 1085 40 1102 ¹
102 1083 251 1158 ¹(leuique
272 1087 472 1142 commovetur
494 1085 583 1143 orbis.
623 1082 683 1142 Hic
703 1089 750 1142 est
769 1085 845 1144 alius
859 1097 964 1156 sermo,
985 1105 1076 1160 quam

120 1192 230 1248 noster.
274 1187 396 1270 Oriente
423 1184 499 1255 sole,
532 1184 594 1244 sole
633 1183 796 1260 occidente.
816 1184 951 1260 loquitur
981 1185 1075 1258 Deus,

119 1279 324 1368 crescentibus
345 1285 497 1363 frugibus,
526 1284 717 1352 nascentibus
746 1283 913 1344 hominibus
940 1286 1076 1362 loquitur

1 1429 3 1434 »
69 1466 71 1470 ¹
104 1388 211 1448 *Deua
254 1379 349 1467 igitur
364 1385 426 1445 „Dei
455 1377 612 1460 ¹i⁷erlia⁰⁵)
636 1407 694 1446 non
715 1392 785 1446 sunt
805 1403 900 1447 vanus
923 1399 991 1456 aar,
1019 1385 1076 1444 sed

119 1507 170 1550 res
192 1487 345 1564 *maximae
378 1491 411 1545 et'
430 1485 632 1558 admirabiles,
659 1471 748 1563 quas*
765 1486 857 1546 oculis
870 1553 872 1562 Ι
884 1485 1020 1544 videmus
1042 1489 1076 1544 et

119 1589 278 1673 palpamus
306 1587 452 1672 manibus.
495 1573 583 1646 Cum¹
598 1589 675 1646 enim
697 1586 862 1645 seeundum
889 1582 994 1643 Mosen
1014 1584 1082 1642 ›do-⁴

119 1691 217 1750 minus
246 1682 372 1753 diceret:
413 1686 499 1757 „Fiat
520 1687 580 1758 sol,
601 1687 655 1746 fiat
686 1685 773 1756 luna,
808 1690 890 1744 terra
924 1682 1075 1764 producat

53 1862 55 1866 ¹
120 1784 243 1876 dibores
270 1792 364 1858 etc.,“
386 1787 487 1845 statim
518 1787 599 1862 quod
627 1787 713 1856 dixit,
731 1786 844 1844 factum
865 1789 919 1844 eat.
964 1777 1074 1843 Vocem

118 1889 197 1950 hanc
225 1887 339 1946 audivit
369 1905 470 1956 nemo,
507 1886 561 1944 sed
589 1903 681 1963 opera
712 1889 743 1944 et
764 1904 813 1944 res
834 1885 915 1963 ipsas
936 1884 1086 1967 videmus·

119 1993 190 2048 ante
207 1973 326 2056 oculos,
361 1991 392 2044 et
425 1985 574 2062 tangimus
606 1986 750 2043 manibus.
773 1981 776 1986 “
796 1981 892 2042 Simul
919 1983 1012 2060 igitur
1041 1989 1073 2042 at

14 2093 15 2102 ’
119 2087 290 2148 consolatur
317 2085 373 2144 hoc
394 2086 424 2142 in
445 2083 509 2144 loco
532 2085 663 2164 Spiritus
690 2089 811 2161 sanctus
832 2069 923 2162 pios,
942 2084 993 2158 qui
1015 2083 1072 2142 snb

117 2191 208 2249 cruce
229 2180 351 2265 gemunt
372 2189 403 2244 et
424 2185 580 2256 anhelant,
615 2189 646 2264 et
677 2187 772 2244 terret
798 2184 919 2261 impioS,
952 2201 991 2241 ne
1012 2185 1073 2243 sint

60 2310 63 2319 ¹
118 2287 233 2357 securi,
256 2285 310 2344 sed
332 2289 414 2344 certo
437 2287 571 2344 statuant
580 2285 677 2344 Deum
692 2283 870 2342 locuturum.
914 2281 948 2338 ld
970 2289 1072 2341 autem

118 2405 187 2448 cum
207 2385 304 2442 inira
324 2383 373 2455 fit,
396 2381 440 2442 ‘fit
473 2385 536 2444 sine
557 2384 629 2455 line,
663 2385 726 2442 sine
761 2401 815 2462 spe
842 2367 952 2439 auxilii]
994 2382 1072 2440 (lum

32 2553 36 2562 s
119 2488 202 2548 enim
217 2483 531 2574 irascitur'dominus,
553 2502 612 2542 non
633 2483 732 2554 ludus,
754 2501 812 2542 non
831 2481 918 2558 jocus
940 2485 995 2552 est,
1018 2481 1072 2544 sed

118 2576 252 2650 sentiunt
277 2585 359 2663 impii
389 2583 485 2642 hoc'
475 2601 540 2642 arae
567 2585 704 2655 verbum,
726 2589 771 2642 et
802 2585 833 2640 in
855 2581 912 2639 hac
932 2582 995 2640 vita
1014 2599 1072 2659 per

82 2747 96 2751 ,,
116 2691 215 2750 varias
237 2671 425 2776 afflictiones,
448 2683 529 2742 etin
549 2683 746 2754 intimavitat,
777 2683 834 2741 nisi
857 2686 1072 2756 convertantur

49 2856 70 2882 ,ι
118 2793 149 2848 et
170 2771 260 2874 agant
280 2786 381 2864 poenit
383 2788 433 2842 ent
433 2783 499 2841 iam.
542 2781 659 2841 'l'ale'
650 2801 712 2840 mae
732 2765 855 2842 verbum
876 2785 962 2844 audit
981 2786 1072 2846 hodie

116 2889 273 2966 Hungaria
304 2889 335 2944 et
363 2884 535 2953 Germania,
570 2901 638 2941 cnm
674 2901 730 2960 per
761 2882 896 2943 Tuccam
924 2885 1071 2965 affligitur

57 3016 71 3047 ι
115 2991 208 3068 propt
210 3005 243 3045 er
195 2984 411 3046 tidololat
372 2988 460 3067 triam
481 2987 511 3041 et
532 2985 713 3042 contemtum
727 2968 886 3060 evangelii.
915 3029 918 3036 .

200 3085 283 3144 Solet
305 3087 404 3143 autem
424 3083 504 3158 loqui
527 3099 644 3158 quoque
671 3081 702 3138 in
722 3077 904 3161 gratiam),
926 3103 995 3144 cum
1017 3086 1070 3145 dat

115 3201 235 3265 pacem,
258 3203 404 3242 annonam
423 3185 553 3253 uberem,
574 3183 667 3240 bonos
688 3183 889 3260 magistratus,
910 3184 977 3262 pios
999 3185 1069 3244 doe-

2 3257 6 3314 Ῐ
78 3270 83 3277 ’
116 3290 206 3346 tores.
248 3281 332 3342 Haec
362 3287 433 3342 sunt
468 3283 582 3361 gratiae
612 3283 711 3340 verba.
738 3283 806 3341 .Sic
838 3282 973 3360 psalmus
998 3283 1065 3348 147.

52 3459 54 3467 Ι
110 3379 204 3444 'dicits
244 3383 381 3456 „Emittit
402 3383 550 3458 eloquium
571 3389 658 3442 suum
678 3385 784 3451 ternae,
809 3381 952 3442 velociter
971 3385 1068 3444 currit

116 3476 213 3576 sonmo
234 3483 335 3562 ejusfe
367 3481 497 3560 Exponit
526 3483 617 3552 enim,
646 3480 791 3557 quomodo
817 3481 874 3541 hoc
895 3482 1066 3562 intelligen—

116 3583 188 3666 dum
203 3583 255 3652 sit,
278 3579 390 3640 sedicet
411 3581 490 3656 quod
505 3581 558 3640 dat
574 3579 678 3650 nivem,
699 3581 844 3658 pruinam,
866 3581 993 3661 glaciem
1007 3587 1063 3644 etc

30 3845 38 3862 ,
150 3796 202 3870 ca)
222 3797 277 3852 nai
297 3793 390 3850 satha,
462 3789 514 3862 oo)
534 3788 651 3844 Gratiae
671 3791 765 3845 varta.
865 3837 867 3844 .

155 4043 308 4106 A
