2412 4140
980 283 986 314 Ι

539 334 693 400 Psalmi
703 335 737 396 ll.
942 389 947 401 ,
1041 383 1044 392 ,
1071 339 1116 430 w!
1168 327 1192 388 ι’

137 507 319 590 ⁸rrununum
334 461 492 554 ar‘ticnlum
512 491 618 570 paucis
649 491 709 555 sint
730 455 823 560 dicto,
856 505 942 550 nune
957 452 1113 568 erpttcnbi-
1165 477 1167 486 ’

166 613 233 657 mus
255 591 377 652 rerba.
1070 615 1073 623 2

196 743 438 874 Constitutus
467 693 514 802 esl
544 741 592 800 hic
612 761 665 802 rer
687 740 811 802 insede
833 744 879 801 sui
899 745 952 823 pat
953 742 993 802 ris
1016 739 1113 820 David

166 945 273 1025 gladio,
297 945 374 1004 sicut
395 943 500 1014 David,
521 943 577 1002 sad
597 945 714 1000 tantum
734 944 839 1014 verbo,
861 947 907 1002 est
929 943 1006 1002 euim
1020 959 1128 1038 ,praem

166 1045 290 1106 dicator.
333 1043 395 1104 Sed
422 1061 547 1122 regnum
573 1041 693 1100 inZion
714 1045 745 1100 et
764 1037 1006 1122 poputoltaridis
1027 1059 1115 1122 coep-

165 1149 231 1204 tum
251 1163 310 1204 non
330 1142 372 1204 ibi
389 1143 509 1213 finitur,
531 1139 586 1202 sed
604 1141 799 1220 proteruntur
826 1144 910 1222 regni
928 1143 1018 1222 hujus
1040 1141 1113 1202 lines

166 1245 198 1304 in
219 1261 319 1304 omnes
340 1248 444 1324 gentes
472 1247 502 1302 et
523 1239 563 1300 ad
582 1243 683 1300 terrae
711 1244 868 1314 terminos,
894 1225 953 1302 lroc
973 1246 1027 1314 est,
1047 1261 1114 1321 reg

166 1364 255 1405 ιιιιιιι
268 1348 425 1423 coeptum
440 1343 478 1408 in.
494 1339 675 1414 Jerusalem,
709 1341 872 1402 verbum
863 1361 893 1399 ιιι
914 1341 990 1422 Zion
1018 1331 1114 1434 primo
1193 1361 1197 1376 “

164 1429 375 1526 praedicatum
395 1441 581 1522 evulgatur
572 1461 603 1499 m
623 1445 720 1502 totum
740 1443 841 1501 orbem
858 1445 1014 1513 terrarum,
1037 1443 1115 1500 sicut

166 1545 300 1626 psalmus
323 1545 370 1604 19.
395 1541 482 1601 dicit:
524 1540 606 1614 „Non
634 1546 706 1602 sunt
725 1539 860 1619 loquelae
886 1559 984 1617 neque
1005 1557 1116 1601 sermo-

167 1665 229 1718 nes,
253 1646 304 1704 ubi
327 1662 385 1704 non
406 1641 557 1708 audiatur
565 1659 621 1700 vox
641 1656 752 1700 eorum.
802 1641 835 1699 ln
863 1657 977 1700 omnem
1004 1644 1119 1701 terram
1185 1630 1189 1652 '

84 1779 88 1784 -
167 1746 256 1804 exivit
269 1761 365 1805 sonus
399 1759 515 1812 eorum,
537 1741 596 1800 et'
587 1759 618 1800 m
639 1740 713 1828 lines
734 1741 814 1801 orbis
834 1744 935 1800 terrae
954 1741 1045 1800 verbe
1067 1757 1116 1801 eo

65 1875 68 1882 v
130 1853 134 1860 '
167 1849 261 1906 rum.“
289 1843 377 1904 illst
417 1843 508 1922 igitur
549 1859 618 1906 cnm
656 1841 713 1902 hoo
760 1859 849 1900 versu
890 1839 1123 1920 conjungendus·

167 1946 202 2016 is,
249 1945 300 2020 qui
338 1943 511 2022 praecessit>
554 1959 592 2000 ne
633 1941 734 2013 ideo,
751 1943 821 2018 quia
846 1940 986 2012 Christus
1028 1958 1117 2022 pree·

168 2043 287 2109 dicatur
334 2041 468 2104 dominus
510 2045 540 2102 et
587 2059 640 2100 rer
680 2041 772 2100 totius
813 2039 930 2120 mundi,
978 2041 1009 2100 in
1051 2059 1115 2101 eum
1162 2091 1163 2099 ,

168 2143 314 2202 insaniam
345 2141 527 2221 prolabaris,
557 2145 593 2200 ut
623 2141 720 2200 omnia
740 2140 867 2220 'politica
896 2141 1020 2222 imperia
1049 2142 1135 2202 ideo

170 2244 318 2303 existimes
339 2245 469 2304 autnon
489 2240 622 2320 legitima
649 2239 772 2320 imperia
792 2244 845 2300 aut
865 2239 1021 2303 latrocinia
1041 2262 1115 2314 esse,

170 2345 248 2428 sient
270 2340 389 2420 quidam
419 2342 520 2422 inepte
541 2339 704 2419 disputant.
746 2340 932 2405 Praecedens
954 2345 1031 2404 enirn
1051 2362 1117 2403 rer-

170 2461 222 2504 sus
242 2443 321 2502 hunc
351 2461 452 2522 regem
474 2441 546 2501 dicit
566 2440 717 2500 doctorem
738 2459 810 2512 csse,
839 2443 931 2522 igitur
951 2437 1011 2502 non
1032 2442 1117 2502 dissi-

169 2544 255 2624 pabit
274 2542 412 2622 politias‚
444 2559 503 2602 non
535 2541 663 2598 mutabit
683 2539 765 2620 leges
787 2542 902 2614 civiles,
938 2561 996 2602 non
1019 2543 1118 2622 rapiet

172 2661 273 2720 regna.
314 2641 399 2701 llaec
420 2641 581 2700 manebunt
610 2640 714 2700 eadem
735 2641 916 2723 conditione,
947 2655 1009 2718 qua
1028 2648 1118 2701 antea

172 2743 203 2800 in
224 2739 334 2800 mundo
366 2739 465 2812 luere,
495 2741 551 2802 hoc
573 2745 627 2811 est,
646 2739 788 2800 iacientes
822 2721 949 2800 osticium
978 2757 1065 2819 roges
1086 2745 1118 2800 et

171 2841 323 2923 principes
344 2845 433 2899 erunt
448 2840 556 2912 felices,
578 2843 691 2912 contra,
712 2839 897 2920 negligenter
911 2839 1119 2902 administren-

171 2951 218 3036 tes
239 2927 367 3000 officium
389 2938 503 3000 dabunt
522 2957 642 3020 poenas.
705 3013 706 3018 γ

252 3088 342 3152 llunc
361 3090 464 3155 mnndi
486 3092 547 3150 siro
567 3111 688 3155 cursum
709 3095 769 3152 sire
791 3091 923 3152 ordinem
943 3111 1003 3152 non
1021 3097 1119 3154 muta·

171 3195 216 3252 bit
235 3193 283 3253 hic
303 3211 369 3263 rer,
392 3207 448 3251 nec
468 3191 605 3251 abolebit.
649 3193 785 3270 Regnum
806 3194 883 3250 enim
904 3193 969 3270 ejus
990 3211 1049 3254 non
1070 3197 1117 3254 est

161 3293 210 3351 ‘de
222 3293 278 3350 hoc
286 3277 407 3363 munch
420 3289 474 3350 sed
487 3290 525 3348 ad
536 3294 632 3350 omnia
640 3309 747 3372 regna,
768 3292 813 3351 ad·
821 3293 1006 3371 respublicas
1017 3311 1118 3354 omnes

173 3390 278 3450 efferet
298 3409 405 3449 norum
425 3391 547 3449 verbum
568 3395 598 3450 et
619 3391 782 3451 doctrinam
798 3411 902 3452 novam
917 3392 954 3452 de
975 3413 1015 3463 se,
1038 3393 1118 3469 quod

116 3485 124 3494 ”
175 3509 284 3561 omnes,
307 3490 358 3566 qui
382 3489 508 3550 eredunt
535 3491 565 3547 in
584 3491 683 3569 ipsum
704 3495 734 3551 et
754 3493 960 3571 baptizantur,
988 3493 1118 3552 babituri

174 3591 235 3651 sint
254 3591 455 3650 remissionem
475 3595 664 3668 peccatorum
686 3595 716 3650 et
739 3592 830 3650 vitam
851 3596 1009 3652 aeternam.
1051 3592 1118 3654 llos
1176 3587 1179 3598 '

174 3689 264 3768 hujus
285 3689 365 3768 regis
385 3709 516 3776 regnum,
537 3686 611 3750 ha'ec
623 3689 688 3767 ejus
705 3689 871 3762 dominatio,
892 3690 948 3750 hoc
963 3693 1117 3772 imperium

176 3789 242 3869 ejus
262 3795 316 3851 est.
362 3789 421 3856 (tui
442 3790 533 3870 igitur
553 3807 611 3851 non
632 3789 762 3862 crudem,
787 3793 837 3870 qui
859 3807 916 3850 non
937 3791 1117 3872 amplecten-
