2338 4140
341 325 342 334 ἵ
450 353 804 474 =Puimixhv7ff
940 371 1057 452 ,rita
1161 321 1167 334 ⁹

104 532 370 604 incommodorum,
395 547 522 609 quornm
547 546 641 590 causa
661 526 797 590 diabolus
812 531 860 588 est
879 533 950 589 curn
967 547 1060 590 mem·
1135 601 1139 608 ¹

104 637 171 695 bris
185 635 263 700 suis.
308 634 371 692 Gur
402 633 480 692 enim
502 649 561 690 non
587 630 757 698 concedunt
776 639 902 708 reguum
923 630 1057 690 christis

105 753 164 796 cur
185 753 326 812 regnum,
361 732 440 809 qnod
470 731 589 790 Christo
621 731 774 802 debetur-,⁶
795 730 851 788 sibi
879 730 1076 814 vendicrrnti¹
1114 793 1119 802 ,

103 835 204 894 Homo
226 836 312 898 enirn,
326 833 461 892 conditus
483 839 529 892 est
550 831 708 900 advitam,
730 828 930 908 adsalutem,
952 831 996 890 ad
1009 833 1062 910 ju-

104 937 233 996 stitiam:
255 952 348 1010 quere
369 934 460 1010 igitur
481 932 620 990 irascitur
637 931 745 1000 Satan,
762 947 829 988 cum
844 930 982 991 Ohristus
1003 931 1060 994 hcc

105 1039 195 1113 agat,
216 1038 251 1094 ut
271 1035 405 1122 remittat
423 1031 569 1112 peccaui
600 1037 635 1090 ut
655 1029 803 1102 vivificet
831 1033 867 1089 ut
888 1030 1002 1090 salveti
1024 1034 1060 1092 ut

104 1153 234 1212 regnum
255 1135 342 1192 suum
363 1133 420 1192 sibi
440 1131 598 1191 vendiceti
640 1130 721 1210 Ergo
743 1128 823 1207 quod
843 1129 984 1190 irascitur
1005 1115 1075 1191 Sa?

106 1240 178 1306 tun,
212 1238 243 1292 et
272 1233 380 1292 excitet
408 1234 514 1290 turbas
544 1232 576 1288 in
596 1230 714 1301 mundo,
736 1249 799 1308 non
817 1233 864 1290 est
885 1231 978 1310 culpa·
993 1230 1058 1304 Dei,
1082 1295 1084 1298 ,

105 1354 162 1394 nos
189 1333 337 1393 visitantis
369 1351 404 1390 ex
431 1349 514 1390 mera
533 1329 736 1412 misericordie
763 1333 978 1411 perverbum,
1006 1331 1060 1394 sed

22 1507 27 1516 .
95 1413 219 1492 ‘diaboli
250 1432 376 1510 furentis
393 1449 459 1510 1pro
488 1419 542 1490 'suo
564 1433 656 1507 regno
677 1430 794 1507 peccati
816 1434 847 1490 et
866 1433 970 1492 mortis
992 1451 1062 1494 cou-

107 1537 157 1592 tra
178 1533 310 1592 verbum.
354 1530 415 1589 Sed
442 1513 501 1589 iton
520 1529 619 1594 credit
646 1527 703 1588 hoc
722 1529 861 1588 mundus.
903 1530 986 1590 Deus
1006 1533 1062 1611 igi-

106 1637 160 1693 tur
181 1631 254 1709 nihil
274 1633 408 1689 moratur
428 1627 566 1704 quereias
587 1647 698 1701 eorum,
720 1629 774 1688 sed
784 1613 952 1710 perrumpit
969 1633 1061 1693 verbo

107 1752 172 1804 suo,
195 1715 384 1814 quantumvis
415 1727 458 1786 iiii
487 1731 674 1786 murmurent
695 1731 726 1788 et
746 1728 889 1802 fremant,
922 1734 952 1790 ct
973 1730 1061 1792 dicit:
1087 1773 1091 1778 ,

24 1909 26 1914 Ι
107 1833 260 1912 Rogitabit
292 1825 428 1890 dominus
450 1829 686 1906 superterram,
718 1827 865 1901 homines,
895 1833 1084 1912 creaturae,¹

107 1931 248 2003 mundun,
271 1933 301 1990 et
323 1928 548 2006 quidquidest,
568 1931 666 1987 totum
686 1947 784 1988 meum
806 1932 860 1988 est.

160 2083 162 2090 i
192 2031 272 2091 Hine
293 2031 388 2091 oritur
409 2027 521 2088 bellum
543 2045 611 2087 cum
626 2027 756 2099 diabolo,
783 2028 832 2105 qui
853 2047 912 2088 non
932 2029 997 2090 vult
1018 2031 1063 2091 di-

108 2134 229 2195 mittere
259 2129 403 2211 populum
431 2127 502 2199 Dei,
537 2129 615 2186 sicut
635 2127 751 2188 Pharao
773 2128 892 2189 nolebat
913 2119 1062 2192 dimittere
1106 2111 1109 2134 ¹

109 2219 250 2303 Judeeos,
272 2234 302 2289 et
323 2233 427 2289 contra
447 2227 552 2287 Mosen
578 2229 742 2306 pugnabat.
785 2228 864 2289 idern
893 2229 991 2291 adhue
1005 2231 1064 2292 ho·

16 2327 19 2334 ⁴
111 2333 160 2392 die
190 2316 226 2390 iit
254 2330 417 2390 uobiscum.
461 2327 538 2388 Cum
581 2328 717 2388 volumus
758 2328 887 2390 educere
917 2331 1067 2410 populum

109 2433 176 2506 Dei,
198 2430 367 2491 intumescit
389 2432 420 2487 et
440 2427 569 2507 insurgit
584 2433 689 2488 contra
709 2429 899 2489 nosPhurao.
940 2431 991 2490 lbi·
1004 2434 1064 2492 vir·

111 2539 162 2595 tus
183 2531 265 2590 verbi
290 2549 322 2590 se
355 2529 479 2599 exserit,
507 2527 588 2604 quod
610 2529 749 2588 Christus
776 2529 806 2586 in
834 2529 918 2589 nobis
946 2514 1064 2610 unguet

85 2626 87 2634 ’
112 2635 265 2692 armatura
285 2647 354 2701 sua,
385 2630 507 2688 thorace
528 2623 597 2687 fidei
623 2631 654 2686 et
674 2625 772 2705 gladio
793 2629 884 2699 verbi,
906 2628 1001 2707 Ephe.
1024 2634 1063 2704 6.,

96 2739 148 2808 ut
175 2733 214 2792 eh
235 2731 312 2792 omni
336 2732 424 2808 parte
444 2727 584 2786 feriamus
614 2725 743 2797 hostem,
768 2727 864 2806 primo
897 2727 1063 2808 detegendo

107 2831 249 2894 houden]
276 2834 307 2889 et
337 2827 491 2888 mendacia
519 2827 584 2906 ejus
612 2827 643 2884 in
670 2815 848 2898 haereticis,
880 2825 987 2903 deinde
1007 2831 1065 2892 eriz

87 2987 90 2996 ,
112 2932 223 3015 piendo
244 2934 275 2992 et
297 2925 481 2989 defendendo
503 2930 629 2997 nostros,
650 2929 686 2986 ut
698 2931 898 3006 perseverent,
913 2929 944 2988 in
959 2933 1065 2991 sancte

113 3032 173 3094 fide
195 3036 225 3091 et
245 3031 315 3090 rita.
356 3022 423 3088 Hoc
450 3026 561 3106 bellum
582 3031 762 3107 perpetuum
783 3031 837 3100 est,
859 3046 915 3089 nec
935 3033 983 3114 est
1001 3026 1066 3091 ulla

113 3134 198 3215 pacis
219 3149 302 3212 spes,
331 3147 402 3206 ergo
417 3129 540 3187 munire
561 3146 614 3186 nos
644 3127 785 3186 dehemus
805 3144 861 3206 per
880 3129 1063 3208 patientium,
1123 3183 1125 3190 ,

114 3251 171 3316 per
191 3229 288 3302 iidem,
309 3247 366 3310 per
387 3227 553 3306 exemplum
576 3227 673 3286 crucis
695 3226 807 3286 Christi
839 3232 942 3291 eontra
960 3217 1066 3306 tyran·

114 3352 185 3404 nos,
207 3349 281 3407 quos
303 3329 366 3389 sola
386 3327 533 3407 patientie
559 3329 591 3386 et
611 3325 727 3385 silentio
748 3327 901 3388 vincimus.
941 3328 1086 3394 itiendu-¹

115 3452 166 3495 ces
188 3432 287 3490 autem
309 3429 446 3488 doctores
466 3444 526 3486 nou
546 3425 689 3486 vincimus
713 3426 861 3506 patientie
888 3431 919 3487 et
938 3428 1064 3501 silentio,
1160 3461 1166 3468 ·

117 3533 172 3594 sed
193 3534 297 3592 contre
317 3529 382 3588 illos
404 3545 526 3614 necesse
547 3529 594 3586 es't
614 3531 650 3585 ut
670 3525 831 3586 educamus
859 3525 991 3606 gladium
1013 3546 1068 3600 un·¹

117 3627 246 3712 cipit'em,
269 3629 530 3706 quodestruimus
551 3645 665 3686 omnem
688 3627 848 3697 scientiam,
870 3644 946 3702 quae
965 3645 998 3686 se
1017 3645 1066 3686 ex·

99 3731 195 3794 ,altat
217 3734 322 3804 contra
343 3728 496 3788 scientium
513 3725 579 3786 Dei.
638 3791 639 3794 Ἴ
1009 3731 1024 3746 ”
1097 3790 1100 3810 ¹
1126 3759 1129 3772 ·

120 3913 122 3918 X
189 3829 292 3890 .Vides
314 3829 415 3909 *igitur
439 3829 505 3898 hic,
536 3826 653 3905 qualern
685 3826 845 3888 habeamus
875 3841 990 3906 regem,
1012 3827 1063 3904 qui

684 4093 785 4122 s*
