2338 4140
101 337 192 422 ‘aas
496 355 709 462 unorum
774 448 778 456 1

105 500 274 593 'postquam
305 519 359 572 'nos
387 507 491 570 docuit
517 513 550 570 et
575 508 680 569 effudit
713 525 785 570 suas
802 508 1014 590 promissiones
1035 489 1093 570 ins·

112 619 177 683 uos,
198 629 311 688 uosque
332 612 451 690 slopan
471 612 595 670 verbum
615 611 646 670 in
666 627 794 690 reguum
815 609 978 679 transtulit,
999 627 1068 666 mox

113 711 201 772 adest
222 713 333 782 Satan,
364 714 394 770 et
416 709 564 788 crucifigit
585 727 654 781 uos,
687 711 758 786 quia
778 728 912 782 ‚,omues,
946 710 996 792 qui
1018 711 1069 788 pie

98 811 213 872 'volant
243 811 342 871 vivere
379 812 410 870 in
439 811 576 883 Christo,
610 813 851 890 persecutionem
884 809 1068 888 patientur,“

81 955 85 972 .
112 913 198 978 item:
240 911 319 983 „Per
348 911 459 972 multas
490 911 699 971 tribulationes
718 916 846 998 ,oportet
872 929 927 970 uos
954 911 1069 969 intrare

111 1013 144 1072 in
164 1029 290 1090 reguum
311 1009 396 1084 Dai,“
415 1009 482 1072 Act.
509 994 570 1072 1'4:
598 1011 664 1072 Non
683 1017 784 1072 tamen
804 1011 917 1072 deserit
938 1029 992 1070 uos
1015 1028 1070 1068 rex

111 1100 228 1183 nostem
256 1111 312 1172 sad
339 1110 426 1172 adest
455 1115 486 1171 et
505 1115 622 1190 pugnat
650 1113 686 1172 iu*
708 1096 798 1172 nobis*
814 1114 919 1171 contra
939 1111 999 1170 vim
1020 1114 1069 1186 ty·

111 1229 274 1274 manorum
300 1219 331 1272 et
353 1213 457 1272 contra
488 1212 646 1271 mendacia
671 1211 795 1292 diaboli,
822 1210 1003 1272 imo‘reddit
1024 1212 1069 1268 in-

96 1313 204 1374 ,eictos
226 1317 331 1373 contra
358 1311 525 1371 mendacesv
539 1311 691 1385 doctores,
725 1317 756 1371 et
777 1316 859 1372 tutes
882 1314 989 1372 contra
1008 1309 1069 1370 vim

17 1460 19 1465 .
110 1417 315 1512 tyrannornnn
393 1471 396 1476 ,
717 1423 721 1432 ’
836 1427 838 1432 ’

75 1570 77 1574 ’
192 1565 275 1646 Ergo
313 1583 366 1626 vos
386 1565 494 1626 tratres
516 1568 546 1623 et
565 1569 669 1644 patres
690 1561 764 1635 mei,
796 1564 848 1640 qui
868 1561 1067 1642 ¹sustinebitis

61 1661 64 1673 '
114 1665 278 1744 aliquando
299 1685 402 1726 curam
425 1665 633 1737 ecclesiarum,
655 1667 721 1726 sitis
743 1665 851 1724 armati
873 1668 903 1722 et
925 1663 1067 1722 instructi

109 1783 171 1825 nou
204 1765 300 1826 solum
326 1766 365 1826 ad
397 1765 563 1828 docendum
590 1770 621 1848 et
648 1765 845 1828 exhortandos
876 1765 987 1836 bonos,
1016 1763 1067 1840 qni

109 1867 193 1926 recta
215 1867 362 1938 sentiunt,
385 1866 424 1926 ad
444 1865 548 1936 fidem,
572 1865 627 1925 sed
649 1867 738 1926 etiam
759 1865 799 1924 ad
818 1863 1018 1944 pugnandum
1038 1867 1068 1922 et

99 1963 151 2024 'ad
173 1949 350 2045 arguendos.
364 1959 561 2026 adversarios.
603 1963 723 2042 Alioqui
750 1983 816 2026 mox
838 1965 1067 2043 dissipabuntur

111 2065 273 2140 ecclesiae,
294 2068 351 2126 nisi
371 2067 431 2125 siut
452 2067 502 2144 qui
523 2059 669 2146 pugnent
682 2067 713 2126 iu
735 2066 798 2126 acie
828 2069 859 2126 et
878 2065 1066 2134 adversarios

111 2161 280 2237 consulent,
309 2167 360 2242 qui
392 2165 473 2231 dicta
500 2171 530 2226 et
556 2167 719 2226 sententias
741 2149 910 2246 scripturae
931 2167 968 2224 ab
991 2167 1065 2246 ipsis

109 2266 272 2342 usurpatas
295 2263 451 2344 explicent,
474 2270 505 2325 et
525 2269 681 2326 veritatem
697 2255 866 2327 defendant.
909 2261 991 2326 Dicit
1012 2265 1066 2346 igi-

109 2367 162 2426 tur
180 2363 243 2432 hic:
275 2362 420 2424 Dominus
448 2369 496 2430 est,
523 2368 691 2446 potensin
711 2367 839 2446 proelio,
867 2367 989 2428 vincens
1009 2385 1065 2447 per

108 2465 285 2546 patientiam
307 2483 421 2543 omnem
440 2469 622 2546 potestatem
643 2465 879 2542 ettyrnnuidem
898 2467 1012 2540 mundi,
1035 2471 1064 2528 et

109 2565 223 2626 iaciens
245 2585 280 2626 ex
300 2565 384 2624 nobis
408 2565 505 2642 (sicut
525 2567 557 2624 in
576 2564 656 2624 lere.
677 2565 750 2626 dicit
772 2557 837 2646 cap.
857 2567 903 2644 1.)
927 2569 1063 2628 civitates

62 2691 66 2754 ζ
109 2665 240 2740 validas,
283 2667 412 2727 ferream
446 2665 613 2726 columnam
655 2669 687 2727 et
718 2686 842 2726 aeneum
869 2686 1003 2740 murum,
1034 2672 1063 2728 et
1151 2655 1152 2672 ¹

109 2765 220 2833 Esaiae
241 2771 291 2830 5⁰.
321 2770 442 2846 petreae
463 2765 569 2841 facies,
590 2771 626 2827 ut
645 2767 794 2848 possimus
816 2765 945 2828 tolerata
967 2769 1063 2828 omnis

109 2867 244 2939 verbera,
268 2886 412 2941 carceres,
433 2867 559 2940 vincula,
580 2872 714 2940 mortem,
735 2867 766 2927 in
786 2886 910 2940 summa,
930 2871 966 2928 ut
978 2865 1062 2945 quid·

93 2965 185 3044 ,quid
210 2965 340 3028 mundus
373 2971 403 3027 et
436 2967 570 3028 diabolus
596 2969 627 3026 in
659 2981 774 3026 summa
794 2986 849 3027 sua
870 2969 916 3028 ira
935 2971 1062 3049 possunt

19 3063 20 3066 ’
110 3049 228 3137 lacera,
252 3084 410 3147 possumus
432 3062 549 3128 vincere
569 3085 626 3148 per
647 3087 731 3141 eum,
753 3069 804 3146 qui
823 3051 991 3130 habitatin
1011 3088 1061 3130 no-

109 3159 166 3224 ais.
196 3165 248 3225 Sic
268 3167 364 3246 primo
384 3169 443 3227 vim
464 3171 821 3250 tyrannorumvincimus‚
843 3168 950 3230 deinde
971 3171 1060 3231 viucit

109 3263 141 3325 in
164 3265 249 3326 nobis
271 3267 368 3338 etiam,
391 3268 510 3346 quando
531 3289 700 3350 pugnamus
716 3274 820 3331 contra
838 3268 947 3330 diaboli
969 3270 1058 3330 dolos.

109 3363 177 3426 Hoc
204 3367 252 3425 est
283 3364 395 3426 bellum
423 3374 572 3442 nostrum,
600 3390 769 3448 quanquam
798 3371 998 3450 periculosum
1030 3374 1059 3430 et

111 3483 264 3546 asperum,
295 3468 394 3556 tamen
421 3457 685 3546 jucundissimum,
714 3473 784 3550 quie
812 3471 936 3532 victoria
961 3473 1057 3532 mouet

111 3565 194 3646 apul
214 3584 277 3626 nos.

41 3697 49 3713 ⁸
170 3749 171 3754 κ
195 3717 285 3784 Quod
305 3715 396 3793 igitur
410 3715 485 3776 dicit.
501 3719 701 3795 ‚,aceingere“,
723 3728 770 3783 est
789 3726 954 3803 promissio,
976 3725 1055 3804 qussi

115 3815 210 3880 dicat:
242 3815 294 3875 'l'n
315 3813 373 3874 eris
394 3816 616 3904 potentissimus
638 3819 736 3898 gigas,
760 3825 810 3900 qui
832 3827 954 3886 verbum
973 3813 1054 3887 ‘tuum
