2382 4142
452 341 712 448 Psalmill
829 419 831 436 Ι
933 417 937 427 ,
993 333 1035 434 jo

50 499 148 561 «rull
176 499 292 562 abhoc
322 499 439 570 furore,
468 505 502 562 ut
534 505 637 561 contra
660 499 823 562 dominum
830 503 860 559 et
882 497 1045 563 christum.
1088 547 1090 555 ι

81 595 362 681 epuspugnetss)
402 599 404 607 ’
502 601 505 616 ⁴

167 701 275 772 Porro,
308 701 378 776 quia
410 699 483 759 dicit
502 697 681 766 ¹‹lomimnn'
698 699 881 772 locuturum,
913 719 947 760 ex
977 683 1034 761 hoc
1115 735 1118 746 ι

81 804 227 880 apparet,
259 800 339 876 quod
359 799 430 859 mali
450 801 510 870 sint
530 785 828 884 incorrigibilcs¹⁰)‚
857 821 913 861 nec
934 803 1032 861 sanari
1087 867 1091 873 s

79 919 116 959 se
134 901 290 978 patiantur
311 902 348 958 ab
369 901 418 973 iis,
441 905 492 978 qui
514 903 622 964 domini
643 902 774 972 verbum,
812 899 893 986 qpod
919 903 1034 980 gratiae
1126 987 1128 1000 Ι
1159 985 1163 1008 Ι

81 1001 206 1058 verbum
228 1003 282 1070 est,
304 1001 343 1059 ad
365 1020 414 1061 eos
429 1000 564 1064 afferunt.
588 1005 621 1062 Si
639 1005 716 1062 enim
732 1000 922 1061 attenderent
934 995 1034 1082 verbo,

82 1103 114 1156 et
136 1097 235 1157 doceri
258 1119 291 1158 se
309 1101 532 1178 permitterent,
561 1103 725 1182 objicerent
752 1099 885 1161 studium
904 1095 961 1161 hoc
982 1117 1034 1182 op
1115 1137 1118 1150 ·

80 1199 237 1283 pugnandi
259 1196 323 1260 Dei.
367 1199 429 1260 Sed
450 1221 517 1262 cum
541 1221 600 1262 non
621 1203 759 1272 audiant,
789 1203 819 1260 et
840 1213 945 1260 secure
961 1186 1035 1280 ¹pcr-

82 1297 158 1378 'gelrt
179 1301 326 1383 contemto
347 1288 438 1362 carbo
459 1308 490 1362 et
510 1300 646 1362 doctrina
659 1321 739 1373 sana,
762 1303 911 1380 coguntur
930 1299 1035 1360 audire

82 1398 172 1458 aliam
188 1415 307 1472 'rocem,
322 1443 327 1465 2
340 1419 416 1478 quae
438 1407 484 1460 est
505 1403 567 1478 irae
588 1390 657 1472 ion,
685 1405 720 1484 '5¹
740 1406 840 1460 manet
860 1413 960 1460 omnes
983 1401 1056 1462 ael.
1088 1431 1090 1436 ·

81 1502 231 1560 versarios
252 1501 343 1559 verbi.
367 1501 501 1567 Quando,
517 1505 593 1561 enim
616 1503 746 1562 converti
767 1501 899 1560 homines
920 1501 1033 1573 nolunt,

82 1603 114 1658 et
136 1583 217 1658 caeci
238 1605 348 1678 urgent
377 1619 463 1660 suum
480 1603 674 1672 institutum,
688 1651 692 1658 .
705 1583 841 1676 sequitur
868 1599 1034 1660 versiculus
1104 1661 1107 1667 ,

81 1701 144 1772 hic,
167 1704 202 1759 ut
224 1701 358 1760 dominus
379 1701 520 1778 loquatur
539 1703 569 1760 in
590 1704 636 1760 ira
657 1718 725 1772 sua,
744 1705 780 1760 et
802 1695 960 1759 conturbet
980 1701 1034 1759 im·

80 1801 278 1880 poenitentes
321 1801 387 1860 Hoc
409 1802 590 1861 Germaniae*
605 1805 844 1881 peccatum-vest,
862 1799 955 1876 ‘quod'
972 1817 1034 1858 cer·

80 1906 145 1959 tam
166 1897 297 1959 minatur
318 1903 441 1960 ruinam.
484 1901 551 1962 Etsi
581 1905 659 1962 enim
686 1885 793 1980 migro
815 1899 913 1959 studio
934 1891 1058 1960 horta*
1117 1973 1119 1977 ,

81 2019 151 2060 mur
172 2000 211 2058 ad
244 2001 484 2080 amplectendum
510 2005 632 2062 verbum
661 2007 691 2062 et
719 1999 908 2078 abjiciendos
929 2000 1034 2079 impios
1096 2039 1099 2053 .

83 2101 192 2172 cultus,
202 2137 204 2144 ,
216 2106 314 2160 tamen
328 2103 459 2180 episcopi
476 2107 505 2161 et
518 2105 670 2182 principes
688 2101 810 2178 quidem
828 2119 887 2158 non
900 2099 1034 2171 audiunt,

82 2202 138 2262 sed
158 2202 251 2279 magis
274 2202 478 2260 accenduntur
499 2207 602 2262 contra
623 2221 685 2262 nos.
713 2199 958 2279 Exspectabimus
972 2196 1036 2277 'igi-

81 2308 135 2362 tur
156 2321 210 2360 nos
241 2319 359 2377 quoque
363 2296 494 2360 hanc
485 2321 548 2360 rrae
569 2321 669 2362 vocem
679 2299 753 2372 ¹),
782 2317 871 2376 quam
898 2299 983 2358 inviti
1004 2303 1036 2357 et
1077 2291 1080 2312 ¹

13 2398 16 2409 '
82 2397 246 2483 pereuntes
268 2405 412 2480 cogentur
434 2401 568 2461 aridire
560 2403 650 2482 impii
689 2402 811 2460 interim
831 2399 974 2459 faciamus
996 2397 1035 2457 si·
1043 2383 1046 2392 Χ

83 2505 136 2562 cut
158 2501 218 2560 Lot
205 2503 278 2560 tin
307 2485 456 2572 Sodomis,
489 2503 566 2561 sicut
594 2501 778 2566 Abraham
769 2519 801 2556 ιιι
827 2497 923 2556 medio
947 2496 1035 2556 Chal·
1041 2519 1063 2542 ἰ
1142 2537 1155 2552 ι

84 2603 235 2672 dacorum,
258 2601 335 2660 sicut
357 2605 427 2680 capt
428 2603 466 2660 ivi
488 2605 518 2659 in
538 2601 700 2678 Babylone.
743 2597 783 2656 Hi
809 2598 887 2656 enim
908 2597 964 2654 etsi
988 2613 1040 2667 saf

83 2721 158 2762 nare
179 2702 301 2780 impium
313 2701 456 2760 mundum
471 2699 657 2770 concreatur,
678 2687 780 2768 tamen
792 2715 852 2754 noo
862 2698 1034 2773 potuerunt,

84 2804 140 2864 sed
149 2804 237 2882 passi
246 2819 363 2878 quoque
376 2805 446 2860 sunt
460 2801 588 2880 indigna,
608 2797 809 2858 afflictabatur
820 2812 920 2853 eorum
938 2793 1036 2852 anima
1084 2841 1085 2846 ,

84 2891 1037 2979 diunoctuque⁶).Necnoshodiesineingentianimorumdolore

85 3001 445 3080 audimusblasphemias‚
459 2999 629 3078 etviplemus
638 2995 835 3058 idololatriam
841 2990 1033 3071 pontificiam.

85 3103 148 3164 Sed
171 3101 243 3180 qnid
272 3101 435 3160 iaciemusl
480 3099 585 3157 Sansri
606 3096 726 3166 nolunt,
753 3097 783 3152 ct
812 3093 889 3151 sicut
909 3089 1036 3170 apostoli

84 3201 322 3278 Hierosolymam
343 3220 402 3260 non
422 3204 475 3279 pot
462 3202 585 3258 tuerunt
606 3213 745 3255 revocare
762 3192 801 3252 aci
815 3190 1044 3272 poenitentiam

84 3308 129 3365 ita
149 3304 244 3364 nostri
266 3301 397 3380 episcopi
417 3298 556 3377 urgent'
548 3301 591 3355 mt
578 3297 701 3355 teritum
722 3311 835 3353 suum..
859 3291 944 3350 llaec
959 3289 1037 3348 iera
1113 3373 1115 3379 A

85 3425 166 3476 mus,
189 3400 262 3462 duni
283 3400 417 3460 dominus
437 3397 559 3518 incipiet
573 3397 616 3456 eis
630 3394 804 3464 concionari,
812 3410 882 3451 non
889 3389 943 3489 tali
956 3405 1041 3486 roco,⁸

120 3621 174 3690 oo)
195 3619 251 3674 llic
276 3619 400 3690 psalmus
427 3617 519 3689 periit
544 3631 641 3669 ornnes
669 3610 772 3666 Christi
801 3611 910 3664 hostes.
982 3605 1035 3677 w)
1065 3619 1073 3636 s
1151 3655 1152 3658 ,

89 3711 254 3780 impiisunt
279 3708 497 3780 incorrigibiles
568 3705 620 3773 71)
641 3699 782 3755 Patientia
806 3699 860 3769 piis
890 3709 958 3766 opos
979 3700 1035 3748 est.
1139 3737 1140 3744 ,

126 3801 155 3867 ⁸)
175 3798 206 3851 ln
225 3793 293 3850 edit.
315 3795 431 3866 princip.
449 3796 526 3868 leg..
546 3791 748 3886 morlr'ique.

116 3895 208 3947 bothert
223 3901 266 3958 Op.
282 3905 369 3954 eroget.
385 3899 529 3944 Votxvltl.
806 3885 828 3941 4
881 3889 885 3896 ’
