2338 4140
104 271 216 399 2¹„
301 325 302 330 ’
502 309 734 381 Enarratio'

127 490 217 554 μιιιι
239 471 370 556 doctam,
399 417 535 532 (iomInus
564 471 647 552 dedit
674 420 745 532 mibi
772 469 905 551 linguam
925 471 1089 548 usercam,

70 595 76 611 ··
104 575 105 580 ’
129 579 178 634 ut
186 575 277 660 sciam
297 592 363 631 eum
384 575 473 632 verbo
496 577 673 643 sustentare,
696 573 747 648 qui
768 572 865 632 lassus
887 577 963 657 est.“

209 723 309 801 Atque
337 725 393 782 hoc
427 721 585 806 diiigenter
612 727 698 794 nota,
727 724 808 808 'quod
834 723 937 804 lingua
967 727 1091 787 Christi

112 809 187 885 ‘non
208 829 254 884 cst
276 825 427 902 ejusmodi,
451 843 528 901 quae
541 829 654 885 terreat
676 828 866 894 autumem,
887 825 944 883 nisi
959 826 1091 902 quando

125 929 196 984 'cum
219 924 356 1002 suputrbis
389 929 419 983 et
439 925 524 983 duris
543 925 692 1000 loquitur,
709 912 761 982 ”ad
775 914 848 983 ‘iilos
872 924 959 984 dicit:
1001 925 1093 995 „Vae

128 1025 182 1096 tibi
205 1024 364 1098 Chorazin,
394 1044 448 1082 vae
469 1026 523 1082 tibi
545 1025 711 1083 Bethsaida
737 1028 812 1082 etc.“
854 1023 896 1082 ibi
917 1022 989 1082 iacit
1013 1025 1093 1083 alie-

128 1141 199 1182 num
221 1142 310 1202 opus,
339 1127 373 1182 ut
402 1121 483 1202 apud
504 1124 624 1183 Esaiam
653 1123 770 1183 dicitur.
813 1123 950 1182 Psalmus
980 1128 1091 1183 autem

127 1223 176 1284 bic
196 1223 291 1299 loquit
278 1223 387 1282 tuleur
407 1225 542 1302 proprio
551 1217 697 1282 officiot
667 1227 697 1282 et
718 1239 821 1302 opere,
854 1223 934 1298 quod
962 1229 1090 1284 exercet

130 1340 220 1402 erga
231 1341 315 1393 suos,
344 1341 403 1380 non
425 1323 463 1380 de
485 1323 593 1394 alieno,
623 1327 652 1382 et
673 1317 767 1398 ioquit
769 1341 806 1380 ur
826 1341 885 1381 non
906 1342 974 1381 cum
995 1323 1089 1383 duris

107 1421 160 1482 stet
181 1423 333 1502 superbis,
364 1423 418 1481 sed
446 1441 513 1481 cum
539 1423 590 1494 iis,
626 1401 677 1500 qui
697 1423 768 1481 ioris
789 1427 896 1488 ierant
897 1441 934 1482 ur
955 1441 1014 1502 par
1037 1429 1090 1500 ty-

8 1550 33 1603 g
129 1523 282 1582 rannidem
305 1522 469 1594 muniit
440 1526 469 1581 et
490 1523 570 1581 intus
592 1541 647 1602 per
667 1523 769 1581 Mosen
799 1527 829 1580 et
850 1525 973 1586 verbum
994 1523 1087 1604 legis,

128 1622 200 1680 item
227 1640 296 1701 per¹
313 1626 397 1682 ustus
420 1615 543 1693 diaboli,
565 1639 630 1706 per
650 1621 1086 1697 infirmitatem,conscientiae,

51 1768 62 1776 .
127 1739 184 1800 per
211 1723 404 1802 cogitationes
429 1723 572 1781 -tristitiae
594 1726 649 1782 etc.
693 1721 755 1787 itui
781 1711 908 1782 credunt
939 1723 972 1782 in
993 1723 1088 1783 Chri-

64 1863 72 1869 --
128 1826 222 1892 stum,
251 1823 362 1882 habent
389 1824 462 1882 istas
490 1824 684 1893 tentationes,
713 1841 781 1880 cum
807 1823 853 1882 his
874 1823 1021 1900 loquitur,
1050 1823 1085 1884 'et

93 1915 94 1918 ¹
127 1922 276 2000 promittit
304 1923 345 1980 eis
374 1923 464 1981 talem
492 1941 608 1999 regem,
640 1923 691 1998 qui
710 1923 759 1982 sit
789 1913 1030 2002 sapientissimus
1052 1931 1086 1984 ct

6 2079 9 2088 ,
31 2098 34 2102 .
128 2013 237 2080 habeat
257 2019 381 2080 verbum
403 2040 438 2082 ac
459 2021 634 2100 sapientiam
655 2020 754 2094 talem,
776 2025 885 2098 quibus
900 2025 997 2103 possit
1019 2043 1084 2083 me·

65 2157 69 2162 .
127 2120 191 2187 deri
219 2112 356 2200 ⁸ipsorum
377 2122 477 2192 malis,
508 2125 538 2181 et
569 2121 716 2200 promittit
738 2123 795 2182 eis:
828 2123 917 2183 'Ecce
938 2123 979 2183 sis
1000 2122 1081 2185 bono

127 2221 238 2292 anicio,
271 2221 352 2298 erige
380 2221 539 2301 te‘tiducia
559 2221 649 2298 hujus
664 2221 766 2300 regis,
789 2225 921 2300 quinon
943 2223 1004 2284 odit
1028 2227 1082 2284 aut

69 2345 74 2364 ι
124 2317 212 2378 male
222 2319 378 2390 mulctabit
399 2329 447 2392 te,
477 2321 530 2379 scd
556 2322 636 2380 favet
657 2323 771 2392 tibi,t
741 2326 771 2380 et
791 2324 940 2405 promittit
960 2324 1017 2382 tibi
1038 2325 1082 2384 vi·

65 2452 72 2464 ·
123 2423 187 2481 tam
207 2404 459 2496 aeternamque
479 2419 558 2480 labia
578 2421 669 2480 babet
691 2419 863 2524 dulcissima
881 2427 913 2484 et
925 2422 1081 2484 abuudan-

65 2602 66 2608 ἵ
125 2519 249 2586 tissima.
345 2597 348 2610 .

171 2703 179 2726 ,
207 2653 396 2715 Meminerint
417 2653 508 2734 igitur
530 2655 580 2733 pii,
601 2655 675 2715 haec
697 2673 848 2735 opponere
864 2657 970 2728 acutis,
991 2676 1080 2738 aspe-

125 2757 167 2816 ris
189 2761 220 2816 et
241 2745 423 2816 terrentibus
444 2755 519 2814 Mosi
532 2755 634 2827 -labiis,
663 2757 732 2814 item
754 2758 994 2816 accusationibus
1015 2757 1079 2818 ‹lia-

93 2887 101 2895 -
126 2855 185 2916 boli
205 2857 236 2913 in
258 2855 354 2936 corde,
379 2861 408 2922 ct
429 2856 564 2936 tyrannis
585 2845 844 2934 persequentibus,
867 2859 899 2915 et
919 2857 1078 2916 insumma

72 2988 77 2998 ·
125 2956 274 3025 omnibus,
310 2975 386 3030 quaa
417 2955 508 3016 corda
540 2956 658 3033 piorum
679 2955 864 3015 contristant.
907 2954 964 3016 His
986 2976 1079 3036 oppo-

28 3075 29 3082 ¹
84 3039 87 3048 Χ
124 3056 199 3112 rian't
219 3072 306 3111 suum
326 3073 427 3132 regom
449 3073 515 3114 cum
538 3057 718 3114 suavissimis
738 3053 802 3132 ejus
821 3055 1078 3132 promissionibus,

25 3213 31 3218 ,
125 3169 200 3226 quas
221 3151 290 3210 hinc
310 3153 409 3212 inde'
401 3173 432 3212 m
454 3153 605 3248 evangelio
626 3153 769 3232 legimus:
811 3153 894 3232 „Ego
916 3173 997 3227 sum,
1026 3156 1078 3233 qui

5 3263 7 3273 ·
55 3305 57 3312 ,
123 3249 181 3308 vici
202 3251 362 3322 mundum,
384 3234 477 3312 nolite
505 3255 640 3314 terreri.“
680 3245 860 3324 „Creditis
851 3273 882 3312 ιιι
900 3253 1015 3328 Deum,
1046 3259 1077 3316 ct

125 3349 157 3408 in
177 3369 224 3408 me
245 3350 386 3410 credite“
404 3351 455 3422 „tn
476 3351 562 3412 domo
582 3341 678 3432 patris
697 3354 755 3412 mci
775 3351 888 3412 multae
908 3359 981 3415 sunt
993 3373 1077 3416 mau-

124 3450 222 3512 sioues
243 3453 319 3512 etc.“
360 3447 445 3510 Haec
476 3456 547 3511 sunt
567 3453 619 3512 illa
640 3453 742 3512 suavia
761 3445 855 3524 labia,
878 3440 987 3513 diffusa
1007 3473 1075 3534 gra·

122 3549 174 3621 tia,
195 3566 272 3626 quae
292 3552 391 3608 tamen
412 3569 496 3608 nemo
517 3551 700 3628 intelligit,
687 3552 744 3610 nisi
757 3546 856 3612 fuerit
877 3555 1074 3615 contristatus

123 3653 154 3708 ct
166 3642 295 3708 ‘vexatus
316 3648 346 3704 in
368 3648 555 3720 couscientia,
577 3653 608 3709 et
629 3651 767 3710 didicerit
787 3670 820 3712 se
840 3650 887 3712 his
901 3653 1074 3732 promissio-

120 3746 207 3807 nibus
229 3743 382 3807 consolari.
426 3743 528 3806 Rudes
550 3747 753 3827 ct'imperitos
772 3749 972 3814 tentationum
991 3751 1067 3814 hoec
