<?xml version="1.0" encoding="UTF-8"?>
<!DOCTYPE html PUBLIC "-//W3C//DTD XHTML 1.0 Transitional//EN"
    "http://www.w3.org/TR/xhtml1/DTD/xhtml1-transitional.dtd">
<html xmlns="http://www.w3.org/1999/xhtml" xml:lang="en" lang="en">
 <head>
  <title>
</title>
<meta http-equiv="Content-Type" content="text/html;charset=utf-8" />
  <meta name='ocr-system' content='tesseract 3.04.00' />
  <meta name='ocr-capabilities' content='ocr_page ocr_carea ocr_par ocr_line ocrx_word'/>
</head>
<body>
  <div class='ocr_page' id='page_1' title='image "./exegeticaoperal10luthgoog/exegeticaoperal10luthgoog_0374.png"; bbox 0 0 2366 4142; ppageno 0'>
   <div class='ocr_carea' id='block_1_1' title="bbox 128 191 802 438">
    <p class='ocr_par' dir='ltr' id='par_1_1' title="bbox 128 191 802 438">
     <span class='ocr_line' id='line_1_1' title="bbox 622 191 656 228; baseline 0 0"><span class='ocrx_word' id='word_1_1' title='bbox 622 191 656 228; x_wconf 82' lang='lat' dir='ltr'><strong>&#39;l</strong></span> 
     </span>
     <span class='ocr_line' id='line_1_2' title="bbox 128 333 802 438; baseline -0.009 -21"><span class='ocrx_word' id='word_1_2' title='bbox 128 333 230 434; x_wconf 30' lang='grc' dir='ltr'><strong>,ω’</strong></span> <span class='ocrx_word' id='word_1_3' title='bbox 369 385 422 409; x_wconf 49' lang='grc' dir='ltr'>ω</span> <span class='ocrx_word' id='word_1_4' title='bbox 509 349 718 438; x_wconf 14' lang='grc' dir='ltr'><strong>Ειηιτηὶὶἱο</strong></span> <span class='ocrx_word' id='word_1_5' title='bbox 793 351 802 374; x_wconf 68' lang='lat'>²</span> 
     </span>
    </p>
   </div>
   <div class='ocr_carea' id='block_1_2' title="bbox 16 488 1167 3680">
    <p class='ocr_par' dir='ltr' id='par_1_2' title="bbox 142 488 1087 590">
     <span class='ocr_line' id='line_1_3' title="bbox 142 488 1087 590; baseline 0.004 -21"><span class='ocrx_word' id='word_1_6' title='bbox 142 503 185 569; x_wconf 72' lang='lat' dir='ltr'><strong>ut</strong></span> <span class='ocrx_word' id='word_1_7' title='bbox 201 501 323 581; x_wconf 44' lang='lat' dir='ltr'><strong>,raum</strong></span> <span class='ocrx_word' id='word_1_8' title='bbox 347 502 410 566; x_wconf 80' lang='lat' dir='ltr'><strong>cot</strong></span> <span class='ocrx_word' id='word_1_9' title='bbox 422 488 461 566; x_wconf 58' lang='grc'><strong>’1.</strong></span> <span class='ocrx_word' id='word_1_10' title='bbox 482 503 549 565; x_wconf 82' lang='lat' dir='ltr'><strong>ideo</strong></span> <span class='ocrx_word' id='word_1_11' title='bbox 572 499 789 588; x_wconf 74' lang='grc' dir='ltr'><strong><em>πρωτότοκον</em></strong></span> <span class='ocrx_word' id='word_1_12' title='bbox 810 499 923 590; x_wconf 64' lang='grc' dir='ltr'><em>πάσης</em></span> <span class='ocrx_word' id='word_1_13' title='bbox 943 510 1087 583; x_wconf 65' lang='lat' dir='ltr'><strong>aeterua,</strong></span> 
     </span>
    </p>

    <p class='ocr_par' dir='ltr' id='par_1_3' title="bbox 114 602 1089 688">
     <span class='ocr_line' id='line_1_4' title="bbox 114 602 1089 688; baseline 0.002 -21"><span class='ocrx_word' id='word_1_14' title='bbox 114 659 115 672; x_wconf 70' lang='grc'>,</span> <span class='ocrx_word' id='word_1_15' title='bbox 142 607 372 688; x_wconf 76' lang='lat' dir='ltr'><strong>primogenitum</strong></span> <span class='ocrx_word' id='word_1_16' title='bbox 398 603 491 664; x_wconf 86' lang='lat' dir='ltr'><strong>totins</strong></span> <span class='ocrx_word' id='word_1_17' title='bbox 518 609 688 676; x_wconf 73' lang='lat' dir='ltr'><strong>creaturae,</strong></span> <span class='ocrx_word' id='word_1_18' title='bbox 716 609 802 666; x_wconf 85' lang='lat' dir='ltr'><strong>vocat</strong></span> <span class='ocrx_word' id='word_1_19' title='bbox 832 602 939 680; x_wconf 87' lang='lat' dir='ltr'><strong>filium,</strong></span> <span class='ocrx_word' id='word_1_20' title='bbox 967 613 1005 669; x_wconf 91' lang='lat' dir='ltr'><strong>nt</strong></span> <span class='ocrx_word' id='word_1_21' title='bbox 1025 627 1089 668; x_wconf 86' lang='lat' dir='ltr'><strong>eum</strong></span> 
     </span>
    </p>

    <p class='ocr_par' dir='ltr' id='par_1_4' title="bbox 95 699 1145 883">
     <span class='ocr_line' id='line_1_5' title="bbox 143 699 1089 785; baseline 0.001 -16.952"><span class='ocrx_word' id='word_1_22' title='bbox 143 712 228 768; x_wconf 84' lang='lat' dir='ltr'><strong>extra</strong></span> <span class='ocrx_word' id='word_1_23' title='bbox 248 711 279 766; x_wconf 93' lang='lat' dir='ltr'><strong>ct</strong></span> <span class='ocrx_word' id='word_1_24' title='bbox 290 711 383 785; x_wconf 81' lang='lat' dir='ltr'><strong>supra</strong></span> <span class='ocrx_word' id='word_1_25' title='bbox 398 703 519 782; x_wconf 77' lang='lat' dir='ltr'><strong>angelos</strong></span> <span class='ocrx_word' id='word_1_26' title='bbox 534 708 564 764; x_wconf 91' lang='lat' dir='ltr'><strong>et</strong></span> <span class='ocrx_word' id='word_1_27' title='bbox 577 723 677 764; x_wconf 89' lang='lat' dir='ltr'><strong>omnes</strong></span> <span class='ocrx_word' id='word_1_28' title='bbox 695 703 768 775; x_wconf 81' lang='lat' dir='ltr'><strong>alias</strong></span> <span class='ocrx_word' id='word_1_29' title='bbox 784 699 948 772; x_wconf 79' lang='lat' dir='ltr'><strong>creaturas</strong></span> <span class='ocrx_word' id='word_1_30' title='bbox 958 710 1089 768; x_wconf 85' lang='lat' dir='ltr'><strong>collocet</strong></span> 
     </span>
     <span class='ocr_line' id='line_1_6' title="bbox 224 785 1145 883; baseline 0.004 -19"><span class='ocrx_word' id='word_1_31' title='bbox 224 806 259 864; x_wconf 93' lang='lat' dir='ltr'><strong>ln</strong></span> <span class='ocrx_word' id='word_1_32' title='bbox 278 805 336 866; x_wconf 88' lang='lat' dir='ltr'><strong>hac</strong></span> <span class='ocrx_word' id='word_1_33' title='bbox 357 803 545 883; x_wconf 74' lang='lat' dir='ltr'><strong>simplicitate</strong></span> <span class='ocrx_word' id='word_1_34' title='bbox 566 806 711 876; x_wconf 83' lang='lat' dir='ltr'><strong>vivamus,</strong></span> <span class='ocrx_word' id='word_1_35' title='bbox 744 810 774 865; x_wconf 89' lang='lat' dir='ltr'><strong>et</strong></span> <span class='ocrx_word' id='word_1_36' title='bbox 789 823 853 866; x_wconf 78' lang='lat' dir='ltr'><strong>,non</strong></span> <span class='ocrx_word' id='word_1_37' title='bbox 875 785 1091 868; x_wconf 79' lang='lat' dir='ltr'><strong>committamus</strong></span> <span class='ocrx_word' id='word_1_38' title='bbox 1140 824 1145 840; x_wconf 80' lang='lat'><strong>⁴</strong></span> 
     </span>
    </p>

    <p class='ocr_par' dir='ltr' id='par_1_5' title="bbox 143 897 1092 990">
     <span class='ocr_line' id='line_1_7' title="bbox 143 897 1092 990; baseline 0.001 -23"><span class='ocrx_word' id='word_1_39' title='bbox 143 925 198 990; x_wconf 88' lang='lat' dir='ltr'><strong>nos</strong></span> <span class='ocrx_word' id='word_1_40' title='bbox 217 905 287 965; x_wconf 91' lang='lat' dir='ltr'><strong>hnic</strong></span> <span class='ocrx_word' id='word_1_41' title='bbox 308 905 368 964; x_wconf 90' lang='lat' dir='ltr'><strong>alto</strong></span> <span class='ocrx_word' id='word_1_42' title='bbox 389 907 420 962; x_wconf 89' lang='lat' dir='ltr'><strong>et</strong></span> <span class='ocrx_word' id='word_1_43' title='bbox 440 901 606 964; x_wconf 84' lang='lat' dir='ltr'><strong>vastissimo</strong></span> <span class='ocrx_word' id='word_1_44' title='bbox 630 897 745 984; x_wconf 77' lang='lat' dir='ltr'><strong>pelago,</strong></span> <span class='ocrx_word' id='word_1_45' title='bbox 769 903 952 984; x_wconf 78' lang='lat' dir='ltr'><strong>disputaturi</strong></span> <span class='ocrx_word' id='word_1_46' title='bbox 968 909 1008 968; x_wconf 89' lang='lat' dir='ltr'><strong>da</strong></span> <span class='ocrx_word' id='word_1_47' title='bbox 1028 913 1092 968; x_wconf 86' lang='lat' dir='ltr'><strong>tan-</strong></span> 
     </span>
    </p>

    <p class='ocr_par' dir='ltr' id='par_1_6' title="bbox 60 989 1093 1091">
     <span class='ocr_line' id='line_1_8' title="bbox 60 989 1093 1082; baseline 0 -14"><span class='ocrx_word' id='word_1_48' title='bbox 60 989 70 1010; x_wconf 45' lang='lat'>*</span> <span class='ocrx_word' id='word_1_49' title='bbox 142 1009 182 1068; x_wconf 88' lang='lat' dir='ltr'><strong>tis</strong></span> <span class='ocrx_word' id='word_1_50' title='bbox 202 1000 369 1082; x_wconf 74' lang='lat' dir='ltr'><strong>rebus⁹⁴,).</strong></span> <span class='ocrx_word' id='word_1_51' title='bbox 411 1002 469 1062; x_wconf 76' lang='lat' dir='ltr'><strong>Est</strong></span> <span class='ocrx_word' id='word_1_52' title='bbox 489 1004 567 1062; x_wconf 88' lang='lat' dir='ltr'><strong>enim</strong></span> <span class='ocrx_word' id='word_1_53' title='bbox 585 1004 634 1063; x_wconf 90' lang='lat' dir='ltr'><strong>hic</strong></span> <span class='ocrx_word' id='word_1_54' title='bbox 654 1003 798 1064; x_wconf 83' lang='lat' dir='ltr'><strong>articulus</strong></span> <span class='ocrx_word' id='word_1_55' title='bbox 820 1005 981 1066; x_wconf 83' lang='lat' dir='ltr'><strong>admodum</strong></span> <span class='ocrx_word' id='word_1_56' title='bbox 1001 1009 1093 1068; x_wconf 77' lang='lat' dir='ltr'><strong>lubri-</strong></span> 
     </span>
    </p>

    <p class='ocr_par' dir='ltr' id='par_1_7' title="bbox 77 1101 1167 1490">
     <span class='ocr_line' id='line_1_9' title="bbox 77 1101 1094 1190; baseline -0.003 -20"><span class='ocrx_word' id='word_1_57' title='bbox 77 1133 94 1170; x_wconf 56' lang='grc' dir='ltr'>υ</span> <span class='ocrx_word' id='word_1_58' title='bbox 144 1125 213 1179; x_wconf 85' lang='lat' dir='ltr'><strong>cus,</strong></span> <span class='ocrx_word' id='word_1_59' title='bbox 234 1107 364 1190; x_wconf 89' lang='lat' dir='ltr'><strong>primum</strong></span> <span class='ocrx_word' id='word_1_60' title='bbox 384 1107 511 1183; x_wconf 84' lang='lat' dir='ltr'><strong>propter</strong></span> <span class='ocrx_word' id='word_1_61' title='bbox 531 1103 741 1176; x_wconf 79' lang='lat' dir='ltr'><strong>subtilitatem,</strong></span> <span class='ocrx_word' id='word_1_62' title='bbox 765 1104 871 1163; x_wconf 81' lang='lat' dir='ltr'><strong>deiude</strong></span> <span class='ocrx_word' id='word_1_63' title='bbox 893 1101 1094 1187; x_wconf 63' lang='lat' dir='ltr'><strong>etiam&#39;prop</strong></span> 
     </span>
     <span class='ocr_line' id='line_1_10' title="bbox 143 1201 1094 1283; baseline -0.003 -15"><span class='ocrx_word' id='word_1_64' title='bbox 143 1211 193 1268; x_wconf 82' lang='lat' dir='ltr'><strong>ter</strong></span> <span class='ocrx_word' id='word_1_65' title='bbox 213 1209 345 1266; x_wconf 86' lang='lat' dir='ltr'><strong>nostram</strong></span> <span class='ocrx_word' id='word_1_66' title='bbox 365 1203 574 1263; x_wconf 86' lang='lat' dir='ltr'><strong>infirmitatem.</strong></span> <span class='ocrx_word' id='word_1_67' title='bbox 616 1201 700 1262; x_wconf 86' lang='lat' dir='ltr'><strong>Mera</strong></span> <span class='ocrx_word' id='word_1_68' title='bbox 721 1205 812 1283; x_wconf 74' lang='lat' dir='ltr'><strong>igitur</strong></span> <span class='ocrx_word' id='word_1_69' title='bbox 839 1203 978 1264; x_wconf 83' lang='lat' dir='ltr'><strong>stultitia·</strong></span> <span class='ocrx_word' id='word_1_70' title='bbox 997 1211 1045 1267; x_wconf 84' lang='lat' dir='ltr'><strong>est</strong></span> <span class='ocrx_word' id='word_1_71' title='bbox 1065 1210 1094 1265; x_wconf 90' lang='lat' dir='ltr'><strong>et</strong></span> 
     </span>
     <span class='ocr_line' id='line_1_11' title="bbox 139 1299 1167 1394; baseline 0.003 -28"><span class='ocrx_word' id='word_1_72' title='bbox 139 1305 413 1394; x_wconf 82' lang='lat' dir='ltr'><strong>periculosissimus</strong></span> <span class='ocrx_word' id='word_1_73' title='bbox 436 1307 576 1374; x_wconf 90' lang='lat' dir='ltr'><strong>conatus,</strong></span> <span class='ocrx_word' id='word_1_74' title='bbox 597 1303 673 1362; x_wconf 82' lang='lat' dir='ltr'><strong>velle</strong></span> <span class='ocrx_word' id='word_1_75' title='bbox 696 1299 923 1369; x_wconf 76' lang='lat' dir='ltr'><strong>haccsc&#39;rutari</strong></span> <span class='ocrx_word' id='word_1_76' title='bbox 941 1299 1092 1368; x_wconf 79' lang='lat' dir='ltr'><strong>&#39;subtilius</strong></span> <span class='ocrx_word' id='word_1_77' title='bbox 1166 1353 1167 1370; x_wconf 63' lang='lat'><strong>,</strong></span> 
     </span>
     <span class='ocr_line' id='line_1_12' title="bbox 144 1403 1093 1490; baseline -0.002 -24"><span class='ocrx_word' id='word_1_78' title='bbox 144 1407 177 1466; x_wconf 91' lang='lat' dir='ltr'><strong>Si</strong></span> <span class='ocrx_word' id='word_1_79' title='bbox 207 1407 284 1466; x_wconf 88' lang='lat' dir='ltr'><strong>enim</strong></span> <span class='ocrx_word' id='word_1_80' title='bbox 315 1403 372 1464; x_wconf 92' lang='lat' dir='ltr'><strong>hoc</strong></span> <span class='ocrx_word' id='word_1_81' title='bbox 393 1421 563 1490; x_wconf 76' lang='lat' dir='ltr'><strong>possemus,</strong></span> <span class='ocrx_word' id='word_1_82' title='bbox 599 1421 658 1462; x_wconf 91' lang='lat' dir='ltr'><strong>non</strong></span> <span class='ocrx_word' id='word_1_83' title='bbox 688 1421 763 1482; x_wconf 90' lang='lat' dir='ltr'><strong>opus</strong></span> <span class='ocrx_word' id='word_1_84' title='bbox 791 1408 871 1463; x_wconf 87' lang='lat' dir='ltr'><strong>esset</strong></span> <span class='ocrx_word' id='word_1_85' title='bbox 898 1406 986 1464; x_wconf 87' lang='lat' dir='ltr'><strong>nobis</strong></span> <span class='ocrx_word' id='word_1_86' title='bbox 1019 1405 1093 1465; x_wconf 89' lang='lat' dir='ltr'><strong>duce</strong></span> 
     </span>
    </p>

    <p class='ocr_par' dir='ltr' id='par_1_8' title="bbox 16 1503 1166 3076">
     <span class='ocr_line' id='line_1_13' title="bbox 16 1503 1093 1586; baseline -0.003 -17"><span class='ocrx_word' id='word_1_87' title='bbox 16 1503 38 1574; x_wconf 69' lang='lat'><strong>¹,</strong></span> <span class='ocrx_word' id='word_1_88' title='bbox 72 1559 84 1570; x_wconf 68' lang='grc'>,</span> <span class='ocrx_word' id='word_1_89' title='bbox 143 1508 308 1585; x_wconf 89' lang='lat' dir='ltr'><strong>scriptura,</strong></span> <span class='ocrx_word' id='word_1_90' title='bbox 350 1505 407 1563; x_wconf 89' lang='lat' dir='ltr'><strong>imo</strong></span> <span class='ocrx_word' id='word_1_91' title='bbox 428 1504 485 1562; x_wconf 91' lang='lat' dir='ltr'><strong>hoc</strong></span> <span class='ocrx_word' id='word_1_92' title='bbox 513 1503 634 1562; x_wconf 89' lang='lat' dir='ltr'><strong>doctore</strong></span> <span class='ocrx_word' id='word_1_93' title='bbox 666 1507 697 1562; x_wconf 87' lang='lat' dir='ltr'><strong>ct</strong></span> <span class='ocrx_word' id='word_1_94' title='bbox 724 1521 795 1582; x_wconf 77' lang='lat' dir='ltr'><strong>rege</strong></span> <span class='ocrx_word' id='word_1_95' title='bbox 816 1503 889 1562; x_wconf 89' lang='lat' dir='ltr'><strong>nihil</strong></span> <span class='ocrx_word' id='word_1_96' title='bbox 908 1507 997 1566; x_wconf 87' lang='lat' dir='ltr'><strong>nobis</strong></span> <span class='ocrx_word' id='word_1_97' title='bbox 1020 1525 1093 1586; x_wconf 86' lang='lat' dir='ltr'><strong>opus</strong></span> 
     </span>
     <span class='ocr_line' id='line_1_14' title="bbox 16 1599 1165 1692; baseline -0.002 -26"><span class='ocrx_word' id='word_1_98' title='bbox 16 1681 19 1692; x_wconf 22' lang='grc' dir='ltr'><strong>μ</strong></span> <span class='ocrx_word' id='word_1_99' title='bbox 143 1611 232 1666; x_wconf 87' lang='lat' dir='ltr'><strong>esset.</strong></span> <span class='ocrx_word' id='word_1_100' title='bbox 275 1605 456 1670; x_wconf 69' lang='lat' dir='ltr'><strong>thuiautem</strong></span> <span class='ocrx_word' id='word_1_101' title='bbox 478 1603 656 1682; x_wconf 82' lang='lat' dir='ltr'><strong>scripturam</strong></span> <span class='ocrx_word' id='word_1_102' title='bbox 677 1603 845 1681; x_wconf 78' lang='lat' dir='ltr'><strong>negligunt,</strong></span> <span class='ocrx_word' id='word_1_103' title='bbox 867 1608 899 1663; x_wconf 88' lang='lat' dir='ltr'><strong>et</strong></span> <span class='ocrx_word' id='word_1_104' title='bbox 918 1605 1032 1666; x_wconf 87' lang='lat' dir='ltr'><strong>fiducia</strong></span> <span class='ocrx_word' id='word_1_105' title='bbox 1053 1608 1122 1664; x_wconf 88' lang='lat' dir='ltr'><strong>in-.</strong></span> <span class='ocrx_word' id='word_1_106' title='bbox 1164 1599 1165 1602; x_wconf 60' lang='grc'>’</span> 
     </span>
     <span class='ocr_line' id='line_1_15' title="bbox 18 1699 1093 1788; baseline -0.002 -22"><span class='ocrx_word' id='word_1_107' title='bbox 18 1785 21 1788; x_wconf 21' lang='lat'>¹</span> <span class='ocrx_word' id='word_1_108' title='bbox 48 1699 51 1716; x_wconf 87' lang='lat'>&#39;</span> <span class='ocrx_word' id='word_1_109' title='bbox 86 1713 89 1718; x_wconf 82' lang='grc'><strong>“</strong></span> <span class='ocrx_word' id='word_1_110' title='bbox 143 1707 222 1786; x_wconf 79' lang='lat' dir='ltr'><strong>genii</strong></span> <span class='ocrx_word' id='word_1_111' title='bbox 242 1709 342 1764; x_wconf 87' lang='lat' dir='ltr'><strong>tantas</strong></span> <span class='ocrx_word' id='word_1_112' title='bbox 367 1723 417 1762; x_wconf 87' lang='lat' dir='ltr'><strong>res</strong></span> <span class='ocrx_word' id='word_1_113' title='bbox 439 1703 670 1782; x_wconf 78' lang='lat' dir='ltr'><strong>aggrediuntur,</strong></span> <span class='ocrx_word' id='word_1_114' title='bbox 699 1704 729 1762; x_wconf 93' lang='lat' dir='ltr'><strong>hi</strong></span> <span class='ocrx_word' id='word_1_115' title='bbox 754 1708 829 1764; x_wconf 89' lang='lat' dir='ltr'><strong>sunt</strong></span> <span class='ocrx_word' id='word_1_116' title='bbox 858 1707 998 1784; x_wconf 73' lang='lat' dir='ltr'><strong>magistri</strong></span> <span class='ocrx_word' id='word_1_117' title='bbox 1030 1706 1093 1777; x_wconf 86' lang='lat' dir='ltr'><strong>Dei,</strong></span> 
     </span>
     <span class='ocr_line' id='line_1_16' title="bbox 35 1801 1093 1883; baseline 0 -17"><span class='ocrx_word' id='word_1_118' title='bbox 35 1849 42 1858; x_wconf 77' lang='grc'><strong>-</strong></span> <span class='ocrx_word' id='word_1_119' title='bbox 143 1809 175 1866; x_wconf 87' lang='lat' dir='ltr'><strong>et</strong></span> <span class='ocrx_word' id='word_1_120' title='bbox 195 1825 254 1865; x_wconf 91' lang='lat' dir='ltr'><strong>non</strong></span> <span class='ocrx_word' id='word_1_121' title='bbox 284 1803 437 1882; x_wconf 89' lang='lat' dir='ltr'><strong>discipuli,</strong></span> <span class='ocrx_word' id='word_1_122' title='bbox 467 1804 568 1878; x_wconf 88' lang='lat' dir='ltr'><strong>itaque</strong></span> <span class='ocrx_word' id='word_1_123' title='bbox 599 1805 677 1862; x_wconf 90' lang='lat' dir='ltr'><strong>sicut</strong></span> <span class='ocrx_word' id='word_1_124' title='bbox 704 1801 837 1862; x_wconf 89' lang='lat' dir='ltr'><strong>Phaeton</strong></span> <span class='ocrx_word' id='word_1_125' title='bbox 868 1805 1093 1883; x_wconf 81' lang='lat' dir='ltr'><strong>gubernaturus</strong></span> 
     </span>
     <span class='ocr_line' id='line_1_17' title="bbox 74 1901 995 1983; baseline -0.015 -14"><span class='ocrx_word' id='word_1_126' title='bbox 74 1961 76 1969; x_wconf 31' lang='lat' dir='ltr'><em>s</em></span> <span class='ocrx_word' id='word_1_127' title='bbox 144 1905 235 1969; x_wconf 88' lang='lat' dir='ltr'><strong>solem</strong></span> <span class='ocrx_word' id='word_1_128' title='bbox 254 1903 493 1983; x_wconf 89' lang='lat' dir='ltr'><strong>praecipitantur</strong></span> <span class='ocrx_word' id='word_1_129' title='bbox 513 1906 543 1961; x_wconf 91' lang='lat' dir='ltr'><strong>ct</strong></span> <span class='ocrx_word' id='word_1_130' title='bbox 563 1905 664 1960; x_wconf 91' lang='lat' dir='ltr'><strong>ruunt.</strong></span> <span class='ocrx_word' id='word_1_131' title='bbox 992 1901 995 1905; x_wconf 83' lang='grc'><em>“</em></span> 
     </span>
     <span class='ocr_line' id='line_1_18' title="bbox 223 1999 1094 2086; baseline 0.002 -24"><span class='ocrx_word' id='word_1_132' title='bbox 223 2003 354 2062; x_wconf 71' lang='lat' dir='ltr'><strong>uenae</strong></span> <span class='ocrx_word' id='word_1_133' title='bbox 379 2003 547 2062; x_wconf 88' lang='lat' dir='ltr'><strong>temeritate</strong></span> <span class='ocrx_word' id='word_1_134' title='bbox 574 2002 767 2077; x_wconf 76' lang='lat' dir='ltr'><strong>conqueritur</strong></span> <span class='ocrx_word' id='word_1_135' title='bbox 792 1999 889 2074; x_wconf 87' lang='lat' dir='ltr'><strong>Deus,</strong></span> <span class='ocrx_word' id='word_1_136' title='bbox 920 2021 991 2064; x_wconf 85' lang='lat' dir='ltr'><strong>cunr</strong></span> <span class='ocrx_word' id='word_1_137' title='bbox 1014 2004 1094 2086; x_wconf 89' lang='lat' dir='ltr'><strong>apud</strong></span> 
     </span>
     <span class='ocr_line' id='line_1_19' title="bbox 141 2100 1094 2186; baseline 0.004 -23"><span class='ocrx_word' id='word_1_138' title='bbox 141 2103 319 2186; x_wconf 89' lang='lat' dir='ltr'><strong>prophetam</strong></span> <span class='ocrx_word' id='word_1_139' title='bbox 337 2103 448 2179; x_wconf 86' lang='lat' dir='ltr'><strong>inquit:</strong></span> <span class='ocrx_word' id='word_1_140' title='bbox 470 2103 565 2176; x_wconf 69' lang='lat' dir='ltr'><strong>,uui</strong></span> <span class='ocrx_word' id='word_1_141' title='bbox 586 2100 781 2162; x_wconf 85' lang='lat' dir='ltr'><strong>assimulastis&#39;</strong></span> <span class='ocrx_word' id='word_1_142' title='bbox 812 2101 906 2162; x_wconf 81' lang='lat' dir='ltr'><strong>mei“·</strong></span> <span class='ocrx_word' id='word_1_143' title='bbox 940 2105 1020 2164; x_wconf 88' lang='lat' dir='ltr'><strong>Nam</strong></span> <span class='ocrx_word' id='word_1_144' title='bbox 1040 2108 1094 2166; x_wconf 85' lang='lat' dir='ltr'><strong>hoc</strong></span> 
     </span>
     <span class='ocr_line' id='line_1_20' title="bbox 127 2201 1166 2296; baseline 0.004 -33"><span class='ocrx_word' id='word_1_145' title='bbox 127 2205 271 2296; x_wconf 55' lang='lat' dir='ltr'><strong>xomnium</strong></span> <span class='ocrx_word' id='word_1_146' title='bbox 290 2203 520 2275; x_wconf 86' lang='lat' dir='ltr'><strong>haereticorum,</strong></span> <span class='ocrx_word' id='word_1_147' title='bbox 548 2201 770 2282; x_wconf 83' lang='lat' dir='ltr'><strong>hypocritarum</strong></span> <span class='ocrx_word' id='word_1_148' title='bbox 800 2207 831 2262; x_wconf 89' lang='lat' dir='ltr'><strong>et</strong></span> <span class='ocrx_word' id='word_1_149' title='bbox 852 2209 1005 2264; x_wconf 87' lang='lat' dir='ltr'><strong>sectarum</strong></span> <span class='ocrx_word' id='word_1_150' title='bbox 1025 2223 1095 2287; x_wconf 76' lang='lat' dir='ltr'><strong>pro</strong></span> <span class='ocrx_word' id='word_1_151' title='bbox 1165 2207 1166 2266; x_wconf 75' lang='lat' dir='ltr'><strong>l</strong></span> 
     </span>
     <span class='ocr_line' id='line_1_21' title="bbox 142 2303 1090 2387; baseline 0.004 -25"><span class='ocrx_word' id='word_1_152' title='bbox 142 2304 241 2385; x_wconf 91' lang='lat' dir='ltr'><strong>prium</strong></span> <span class='ocrx_word' id='word_1_153' title='bbox 270 2306 331 2374; x_wconf 88' lang='lat' dir='ltr'><strong>est,</strong></span> <span class='ocrx_word' id='word_1_154' title='bbox 356 2305 392 2362; x_wconf 88' lang='lat' dir='ltr'><strong>ut</strong></span> <span class='ocrx_word' id='word_1_155' title='bbox 436 2303 491 2386; x_wconf 86' lang='lat' dir='ltr'><strong>sibi</strong></span> <span class='ocrx_word' id='word_1_156' title='bbox 524 2304 681 2380; x_wconf 80' lang='lat' dir='ltr'><strong>imaginem</strong></span> <span class='ocrx_word' id='word_1_157' title='bbox 714 2303 841 2382; x_wconf 86' lang='lat' dir='ltr'><strong>aliquam</strong></span> <span class='ocrx_word' id='word_1_158' title='bbox 880 2303 946 2373; x_wconf 88' lang='lat' dir='ltr'><strong>Dei</strong></span> <span class='ocrx_word' id='word_1_159' title='bbox 966 2305 1090 2387; x_wconf 79' lang='lat' dir='ltr'><strong>fingant</strong></span> 
     </span>
     <span class='ocr_line' id='line_1_22' title="bbox 141 2401 1093 2477; baseline 0.001 -13.964"><span class='ocrx_word' id='word_1_160' title='bbox 141 2402 305 2463; x_wconf 84' lang='lat' dir='ltr'><strong>Monachus</strong></span> <span class='ocrx_word' id='word_1_161' title='bbox 327 2419 378 2460; x_wconf 88' lang='lat' dir='ltr'><strong>ore</strong></span> <span class='ocrx_word' id='word_1_162' title='bbox 400 2401 571 2472; x_wconf 89' lang='lat' dir='ltr'><strong>confitetur,</strong></span> <span class='ocrx_word' id='word_1_163' title='bbox 604 2402 683 2477; x_wconf 84' lang='lat' dir='ltr'><strong>quod</strong></span> <span class='ocrx_word' id='word_1_164' title='bbox 714 2403 818 2462; x_wconf 88' lang='lat' dir='ltr'><strong>credat</strong></span> <span class='ocrx_word' id='word_1_165' title='bbox 849 2403 1006 2471; x_wconf 75' lang='lat' dir='ltr'><strong>Christum</strong></span> <span class='ocrx_word' id='word_1_166' title='bbox 1029 2425 1093 2466; x_wconf 86' lang='lat' dir='ltr'><strong>esse</strong></span> 
     </span>
     <span class='ocr_line' id='line_1_23' title="bbox 141 2501 1096 2582; baseline -0.001 -19"><span class='ocrx_word' id='word_1_167' title='bbox 141 2501 198 2564; x_wconf 83' lang='lat' dir='ltr'><strong>Dei</strong></span> <span class='ocrx_word' id='word_1_168' title='bbox 224 2501 332 2573; x_wconf 86' lang='lat' dir='ltr'><strong>filium,</strong></span> <span class='ocrx_word' id='word_1_169' title='bbox 362 2501 416 2561; x_wconf 87' lang='lat' dir='ltr'><strong>sed</strong></span> <span class='ocrx_word' id='word_1_170' title='bbox 445 2501 515 2560; x_wconf 89' lang='lat' dir='ltr'><strong>huic</strong></span> <span class='ocrx_word' id='word_1_171' title='bbox 545 2501 609 2560; x_wconf 87' lang='lat' dir='ltr'><strong>filio·</strong></span> <span class='ocrx_word' id='word_1_172' title='bbox 624 2501 680 2559; x_wconf 88' lang='lat' dir='ltr'><strong>Dei</strong></span> <span class='ocrx_word' id='word_1_173' title='bbox 712 2501 825 2582; x_wconf 77' lang='lat' dir='ltr'><strong>affingit</strong></span> <span class='ocrx_word' id='word_1_174' title='bbox 846 2501 1019 2580; x_wconf 85' lang='lat' dir='ltr'><strong>aliquid-ex</strong></span> <span class='ocrx_word' id='word_1_175' title='bbox 1040 2523 1096 2564; x_wconf 86' lang='lat' dir='ltr'><strong>sua</strong></span> 
     </span>
     <span class='ocr_line' id='line_1_24' title="bbox 141 2584 1092 2680; baseline -0.002 -16"><span class='ocrx_word' id='word_1_176' title='bbox 141 2603 310 2674; x_wconf 85' lang='lat' dir='ltr'><strong>voluntate,</strong></span> <span class='ocrx_word' id='word_1_177' title='bbox 333 2605 363 2661; x_wconf 91' lang='lat' dir='ltr'><strong>et</strong></span> <span class='ocrx_word' id='word_1_178' title='bbox 384 2602 489 2663; x_wconf 87' lang='lat' dir='ltr'><strong>statuit</strong></span> <span class='ocrx_word' id='word_1_179' title='bbox 505 2584 725 2680; x_wconf 84' lang='lat' dir='ltr'><strong>eumprohare</strong></span> <span class='ocrx_word' id='word_1_180' title='bbox 747 2601 944 2663; x_wconf 88' lang='lat' dir='ltr'><strong>cucullum&#39;et</strong></span> <span class='ocrx_word' id='word_1_181' title='bbox 964 2603 1026 2665; x_wconf 92' lang='lat' dir='ltr'><strong>hoc</strong></span> <span class='ocrx_word' id='word_1_182' title='bbox 1051 2606 1092 2664; x_wconf 82' lang='lat' dir='ltr'><strong>ri-</strong></span> 
     </span>
     <span class='ocr_line' id='line_1_25' title="bbox 35 2681 1155 2794; baseline -0.001 -31"><span class='ocrx_word' id='word_1_183' title='bbox 35 2783 38 2794; x_wconf 22' lang='lat'><em>(</em></span> <span class='ocrx_word' id='word_1_184' title='bbox 99 2759 120 2792; x_wconf 34' lang='grc' dir='ltr'>χ</span> <span class='ocrx_word' id='word_1_185' title='bbox 142 2707 193 2764; x_wconf 90' lang='lat' dir='ltr'><strong>tae</strong></span> <span class='ocrx_word' id='word_1_186' title='bbox 214 2721 308 2782; x_wconf 74' lang='lat' dir='ltr'><strong>genus</strong></span> <span class='ocrx_word' id='word_1_187' title='bbox 330 2688 487 2781; x_wconf 79' lang='lat' dir='ltr'><strong>singulare,</strong></span> <span class='ocrx_word' id='word_1_188' title='bbox 510 2681 546 2760; x_wconf 86' lang='lat' dir='ltr'><strong>ac</strong></span> <span class='ocrx_word' id='word_1_189' title='bbox 573 2719 628 2781; x_wconf 91' lang='lat' dir='ltr'><strong>pro</strong></span> <span class='ocrx_word' id='word_1_190' title='bbox 661 2719 694 2760; x_wconf 88' lang='lat' dir='ltr'><strong>eo</strong></span> <span class='ocrx_word' id='word_1_191' title='bbox 722 2700 911 2760; x_wconf 87' lang='lat' dir='ltr'><strong>redditurum</strong></span> <span class='ocrx_word' id='word_1_192' title='bbox 937 2708 1091 2764; x_wconf 89' lang='lat' dir='ltr'><strong>aeternam</strong></span> <span class='ocrx_word' id='word_1_193' title='bbox 1152 2703 1155 2712; x_wconf 82' lang='grc'><em>“</em></span> 
     </span>
     <span class='ocr_line' id='line_1_26' title="bbox 141 2797 1090 2880; baseline -0.001 -17"><span class='ocrx_word' id='word_1_194' title='bbox 141 2805 241 2863; x_wconf 85' lang='lat' dir='ltr'><strong>vitam.</strong></span> <span class='ocrx_word' id='word_1_195' title='bbox 285 2801 347 2860; x_wconf 86' lang='lat' dir='ltr'><strong>Sed</strong></span> <span class='ocrx_word' id='word_1_196' title='bbox 368 2821 384 2861; x_wconf 90' lang='lat' dir='ltr'><strong>o</strong></span> <span class='ocrx_word' id='word_1_197' title='bbox 405 2801 561 2880; x_wconf 83' lang='lat' dir='ltr'><strong>hypocrita</strong></span> <span class='ocrx_word' id='word_1_198' title='bbox 582 2801 648 2877; x_wconf 88' lang='lat' dir='ltr'><strong>quis</strong></span> <span class='ocrx_word' id='word_1_199' title='bbox 668 2797 760 2876; x_wconf 86' lang='lat' dir='ltr'><strong>jussit</strong></span> <span class='ocrx_word' id='word_1_200' title='bbox 780 2804 811 2858; x_wconf 91' lang='lat' dir='ltr'><strong>te</strong></span> <span class='ocrx_word' id='word_1_201' title='bbox 831 2799 887 2858; x_wconf 85' lang='lat' dir='ltr'><strong>Dei</strong></span> <span class='ocrx_word' id='word_1_202' title='bbox 909 2801 979 2876; x_wconf 22' lang='lat' dir='ltr'><strong>filio·</strong></span> <span class='ocrx_word' id='word_1_203' title='bbox 992 2803 1090 2874; x_wconf 88' lang='lat' dir='ltr'><strong>talem,</strong></span> 
     </span>
     <span class='ocr_line' id='line_1_27' title="bbox 55 2881 1089 2978; baseline 0.001 -18"><span class='ocrx_word' id='word_1_204' title='bbox 55 2881 61 2895; x_wconf 32' lang='lat' dir='ltr'><strong>l</strong></span> <span class='ocrx_word' id='word_1_205' title='bbox 134 2899 178 2960; x_wconf 82' lang='lat' dir='ltr'><strong>&#39;ut</strong></span> <span class='ocrx_word' id='word_1_206' title='bbox 199 2902 242 2960; x_wconf 83' lang='lat' dir='ltr'><strong>&#39;sic</strong></span> <span class='ocrx_word' id='word_1_207' title='bbox 261 2919 376 2978; x_wconf 78' lang='lat' dir='ltr'><strong>rocem,</strong></span> <span class='ocrx_word' id='word_1_208' title='bbox 404 2920 509 2960; x_wconf 83' lang='lat' dir='ltr'><strong>nasum</strong></span> <span class='ocrx_word' id='word_1_209' title='bbox 530 2899 690 2978; x_wconf 78' lang='lat' dir='ltr'><strong>affingeret</strong></span> <span class='ocrx_word' id='word_1_210' title='bbox 709 2901 789 2975; x_wconf 87' lang='lat' dir='ltr'><strong>·quis</strong></span> <span class='ocrx_word' id='word_1_211' title='bbox 822 2904 936 2958; x_wconf 86' lang='lat' dir='ltr'><strong>certum</strong></span> <span class='ocrx_word' id='word_1_212' title='bbox 959 2910 994 2960; x_wconf 75' lang='lat' dir='ltr'><strong>te&#39;</strong></span> <span class='ocrx_word' id='word_1_213' title='bbox 1011 2904 1089 2973; x_wconf 81' lang='lat' dir='ltr'><strong>fecit,</strong></span> 
     </span>
     <span class='ocr_line' id='line_1_28' title="bbox 42 2991 1165 3076; baseline 0.003 -17"><span class='ocrx_word' id='word_1_214' title='bbox 42 3069 45 3076; x_wconf 28' lang='lat'><strong><em>¹</em></strong></span> <span class='ocrx_word' id='word_1_215' title='bbox 135 2999 240 3072; x_wconf 76' lang='lat' dir='ltr'><strong>Deum</strong></span> <span class='ocrx_word' id='word_1_216' title='bbox 259 2999 320 3058; x_wconf 86' lang='lat' dir='ltr'><strong>tale</strong></span> <span class='ocrx_word' id='word_1_217' title='bbox 334 2999 447 3076; x_wconf 90' lang='lat' dir='ltr'><strong>aliquid</strong></span> <span class='ocrx_word' id='word_1_218' title='bbox 463 3002 516 3059; x_wconf 88' lang='lat' dir='ltr'><strong>abs</strong></span> <span class='ocrx_word' id='word_1_219' title='bbox 530 3003 561 3059; x_wconf 92' lang='lat' dir='ltr'><strong>te</strong></span> <span class='ocrx_word' id='word_1_220' title='bbox 574 2999 673 3058; x_wconf 78' lang='lat' dir='ltr'><strong>vellet.</strong></span> <span class='ocrx_word' id='word_1_221' title='bbox 693 2999 788 3056; x_wconf 90' lang='lat' dir='ltr'><strong>Nihilo</strong></span> <span class='ocrx_word' id='word_1_222' title='bbox 810 3000 902 3076; x_wconf 81' lang='lat' dir='ltr'><strong>igitur</strong></span> <span class='ocrx_word' id='word_1_223' title='bbox 917 3003 1088 3072; x_wconf 89' lang='lat' dir='ltr'><strong>monachus,</strong></span> <span class='ocrx_word' id='word_1_224' title='bbox 1164 2991 1165 3030; x_wconf 62' lang='lat'><strong>³</strong></span> 
     </span>
    </p>

    <p class='ocr_par' dir='ltr' id='par_1_9' title="bbox 92 3081 1090 3474">
     <span class='ocr_line' id='line_1_29' title="bbox 92 3081 1090 3178; baseline 0.004 -22"><span class='ocrx_word' id='word_1_225' title='bbox 92 3163 102 3178; x_wconf 53' lang='grc'><strong><em>,</em></strong></span> <span class='ocrx_word' id='word_1_226' title='bbox 143 3097 261 3176; x_wconf 84' lang='lat' dir='ltr'><strong>quando</strong></span> <span class='ocrx_word' id='word_1_227' title='bbox 283 3098 448 3170; x_wconf 84' lang='lat' dir='ltr'><strong>secundum</strong></span> <span class='ocrx_word' id='word_1_228' title='bbox 465 3098 600 3177; x_wconf 77' lang='lat' dir='ltr'><strong>regulam</strong></span> <span class='ocrx_word' id='word_1_229' title='bbox 623 3117 708 3157; x_wconf 89' lang='lat' dir='ltr'><strong>snam</strong></span> <span class='ocrx_word' id='word_1_230' title='bbox 729 3099 914 3158; x_wconf 85' lang='lat' dir='ltr'><strong>sanctissime</strong></span> <span class='ocrx_word' id='word_1_231' title='bbox 936 3081 1022 3173; x_wconf 82' lang='lat' dir='ltr'><strong>vivit,</strong></span> <span class='ocrx_word' id='word_1_232' title='bbox 1044 3121 1090 3162; x_wconf 87' lang='lat' dir='ltr'><strong>sa-</strong></span> 
     </span>
     <span class='ocr_line' id='line_1_30' title="bbox 142 3193 1089 3272; baseline 0.003 -15"><span class='ocrx_word' id='word_1_233' title='bbox 142 3199 209 3257; x_wconf 91' lang='lat' dir='ltr'><strong>nior</strong></span> <span class='ocrx_word' id='word_1_234' title='bbox 229 3200 283 3256; x_wconf 88' lang='lat' dir='ltr'><strong>aut</strong></span> <span class='ocrx_word' id='word_1_235' title='bbox 308 3195 411 3258; x_wconf 86' lang='lat' dir='ltr'><strong>molior</strong></span> <span class='ocrx_word' id='word_1_236' title='bbox 432 3201 478 3257; x_wconf 87' lang='lat' dir='ltr'><strong>est</strong></span> <span class='ocrx_word' id='word_1_237' title='bbox 498 3193 584 3268; x_wconf 82' lang='lat' dir='ltr'><strong>Ario,</strong></span> <span class='ocrx_word' id='word_1_238' title='bbox 600 3198 738 3268; x_wconf 85' lang='lat' dir='ltr'><strong>dicenti,</strong></span> <span class='ocrx_word' id='word_1_239' title='bbox 768 3195 854 3272; x_wconf 85' lang='lat' dir='ltr'><strong>quod</strong></span> <span class='ocrx_word' id='word_1_240' title='bbox 867 3196 950 3257; x_wconf 84' lang='lat' dir='ltr'><strong>Dens</strong></span> <span class='ocrx_word' id='word_1_241' title='bbox 970 3204 1089 3260; x_wconf 88' lang='lat' dir='ltr'><strong>tantum</strong></span> 
     </span>
     <span class='ocr_line' id='line_1_31' title="bbox 142 3290 1089 3378; baseline 0.003 -23"><span class='ocrx_word' id='word_1_242' title='bbox 142 3313 221 3355; x_wconf 87' lang='lat' dir='ltr'><strong>unus</strong></span> <span class='ocrx_word' id='word_1_243' title='bbox 242 3295 288 3367; x_wconf 83' lang='lat' dir='ltr'><strong>sit,</strong></span> <span class='ocrx_word' id='word_1_244' title='bbox 312 3297 465 3355; x_wconf 80' lang='lat' dir='ltr'><strong>Christum</strong></span> <span class='ocrx_word' id='word_1_245' title='bbox 485 3302 585 3358; x_wconf 85' lang='lat' dir='ltr'><strong>autem</strong></span> <span class='ocrx_word' id='word_1_246' title='bbox 598 3291 730 3374; x_wconf 40' lang='lat' dir='ltr'><strong>,meilros</strong></span> <span class='ocrx_word' id='word_1_247' title='bbox 745 3296 845 3367; x_wconf 87' lang='lat' dir='ltr'><strong>filium,</strong></span> <span class='ocrx_word' id='word_1_248' title='bbox 868 3290 948 3378; x_wconf 81' lang='lat' dir='ltr'><strong>qdod</strong></span> <span class='ocrx_word' id='word_1_249' title='bbox 965 3301 1005 3358; x_wconf 91' lang='lat' dir='ltr'><strong>sit</strong></span> <span class='ocrx_word' id='word_1_250' title='bbox 1018 3318 1089 3378; x_wconf 89' lang='lat' dir='ltr'><strong>per-</strong></span> 
     </span>
     <span class='ocr_line' id='line_1_32' title="bbox 142 3393 1088 3474; baseline -0.001 -19"><span class='ocrx_word' id='word_1_251' title='bbox 142 3393 303 3455; x_wconf 82' lang='lat' dir='ltr'><strong>fectissima</strong></span> <span class='ocrx_word' id='word_1_252' title='bbox 336 3399 366 3454; x_wconf 91' lang='lat' dir='ltr'><strong>et</strong></span> <span class='ocrx_word' id='word_1_253' title='bbox 393 3397 490 3474; x_wconf 90' lang='lat' dir='ltr'><strong>prima</strong></span> <span class='ocrx_word' id='word_1_254' title='bbox 511 3401 667 3467; x_wconf 79' lang='lat' dir='ltr'><strong>creatura;</strong></span> <span class='ocrx_word' id='word_1_255' title='bbox 695 3413 750 3474; x_wconf 88' lang='lat' dir='ltr'><strong>per</strong></span> <span class='ocrx_word' id='word_1_256' title='bbox 775 3413 863 3471; x_wconf 88' lang='lat' dir='ltr'><strong>quarn</strong></span> <span class='ocrx_word' id='word_1_257' title='bbox 891 3415 999 3456; x_wconf 83' lang='lat' dir='ltr'><strong>omncs</strong></span> <span class='ocrx_word' id='word_1_258' title='bbox 1013 3397 1088 3456; x_wconf 86' lang='lat' dir='ltr'><strong>aliae</strong></span> 
     </span>
    </p>

    <p class='ocr_par' dir='ltr' id='par_1_10' title="bbox 36 3485 1086 3680">
     <span class='ocr_line' id='line_1_33' title="bbox 36 3485 1085 3565; baseline 0 -11"><span class='ocrx_word' id='word_1_259' title='bbox 36 3485 39 3491; x_wconf 64' lang='grc'>’</span> <span class='ocrx_word' id='word_1_260' title='bbox 143 3497 300 3554; x_wconf 87' lang='lat' dir='ltr'><strong>creaturae</strong></span> <span class='ocrx_word' id='word_1_261' title='bbox 319 3493 416 3554; x_wconf 81' lang='lat' dir='ltr'><strong>factae</strong></span> <span class='ocrx_word' id='word_1_262' title='bbox 437 3499 515 3554; x_wconf 80' lang='lat' dir='ltr'><strong>sunt</strong></span> <span class='ocrx_word' id='word_1_263' title='bbox 559 3497 593 3553; x_wconf 88' lang='lat' dir='ltr'><strong>Si</strong></span> <span class='ocrx_word' id='word_1_264' title='bbox 614 3497 689 3552; x_wconf 90' lang='lat' dir='ltr'><strong>enim</strong></span> <span class='ocrx_word' id='word_1_265' title='bbox 704 3496 841 3554; x_wconf 83' lang='lat' dir='ltr'><strong>Christus</strong></span> <span class='ocrx_word' id='word_1_266' title='bbox 855 3494 911 3554; x_wconf 89' lang='lat' dir='ltr'><strong>Dei</strong></span> <span class='ocrx_word' id='word_1_267' title='bbox 931 3495 1009 3556; x_wconf 86' lang='lat' dir='ltr'><strong>filius</strong></span> <span class='ocrx_word' id='word_1_268' title='bbox 1032 3501 1085 3565; x_wconf 88' lang='lat' dir='ltr'><strong>est,</strong></span> 
     </span>
     <span class='ocr_line' id='line_1_34' title="bbox 144 3581 1086 3680; baseline 0.002 -28"><span class='ocrx_word' id='word_1_269' title='bbox 144 3595 175 3652; x_wconf 78' lang='lat' dir='ltr'><strong>&#39;et</strong></span> <span class='ocrx_word' id='word_1_270' title='bbox 194 3593 226 3651; x_wconf 89' lang='lat' dir='ltr'><strong>in</strong></span> <span class='ocrx_word' id='word_1_271' title='bbox 247 3610 281 3651; x_wconf 91' lang='lat' dir='ltr'><strong>eo</strong></span> <span class='ocrx_word' id='word_1_272' title='bbox 301 3581 465 3652; x_wconf 67' lang='lat' dir='ltr'><strong>unosnobis</strong></span> <span class='ocrx_word' id='word_1_273' title='bbox 486 3593 733 3680; x_wconf 81' lang='lat' dir='ltr'><strong>acquiescendum</strong></span> <span class='ocrx_word' id='word_1_274' title='bbox 754 3598 809 3667; x_wconf 82' lang='lat' dir='ltr'><strong>est,</strong></span> <span class='ocrx_word' id='word_1_275' title='bbox 831 3593 999 3672; x_wconf 77' lang='lat' dir='ltr'><strong>quodlleus</strong></span> <span class='ocrx_word' id='word_1_276' title='bbox 1019 3613 1086 3655; x_wconf 86' lang='lat' dir='ltr'><strong>eum</strong></span> 
     </span>
    </p>
   </div>
   <div class='ocr_carea' id='block_1_3' title="bbox 63 3726 349 3750">
    <p class='ocr_par' dir='ltr' id='par_1_11' title="bbox 63 3726 349 3750">
     <span class='ocr_line' id='line_1_35' title="bbox 63 3726 349 3750; baseline -0.003 -3"><span class='ocrx_word' id='word_1_277' title='bbox 63 3726 65 3734; x_wconf 78' lang='lat'><em>&#39;</em></span> <span class='ocrx_word' id='word_1_278' title='bbox 142 3731 349 3750; x_wconf 64' lang='lat' dir='ltr'><strong>——n--n</strong></span> 
     </span>
    </p>
   </div>
   <div class='ocr_carea' id='block_1_4' title="bbox 39 3781 899 3884">
    <p class='ocr_par' dir='ltr' id='par_1_12' title="bbox 39 3781 899 3884">
     <span class='ocr_line' id='line_1_36' title="bbox 39 3781 899 3884; baseline 0.003 -21"><span class='ocrx_word' id='word_1_279' title='bbox 39 3801 42 3808; x_wconf 80' lang='grc'><strong>’</strong></span> <span class='ocrx_word' id='word_1_280' title='bbox 141 3805 145 3810; x_wconf 75' lang='grc'>’</span> <span class='ocrx_word' id='word_1_281' title='bbox 179 3806 231 3879; x_wconf 71' lang='grc'><strong>94)</strong></span> <span class='ocrx_word' id='word_1_282' title='bbox 251 3781 294 3862; x_wconf 74' lang='lat' dir='ltr'><strong>llo</strong></span> <span class='ocrx_word' id='word_1_283' title='bbox 313 3805 431 3862; x_wconf 79' lang='lat' dir='ltr'><strong>articulo</strong></span> <span class='ocrx_word' id='word_1_284' title='bbox 451 3806 605 3861; x_wconf 82' lang='lat' dir='ltr'><strong>divinitatis</strong></span> <span class='ocrx_word' id='word_1_285' title='bbox 624 3823 679 3866; x_wconf 85' lang='lat' dir='ltr'><strong>nou</strong></span> <span class='ocrx_word' id='word_1_286' title='bbox 699 3811 899 3884; x_wconf 81' lang='lat' dir='ltr'><strong>disputandum.</strong></span> 
     </span>
    </p>
   </div>
   <div class='ocr_carea' id='block_1_5' title="bbox 0 0 1188 4142">
    <p class='ocr_par' dir='ltr' id='par_1_13' title="bbox 0 0 1188 4142">
     <span class='ocr_line' id='line_1_37' title="bbox 0 0 1188 4142; baseline 0 0"><span class='ocrx_word' id='word_1_287' title='bbox 0 0 1188 4142; x_wconf 95' lang='lat' dir='ltr'><strong> </strong></span> 
     </span>
    </p>
   </div>
  </div>
 </body>
</html>
