2366 4142
443 375 445 380 ·
474 309 617 424 usnimi
639 363 672 422 ιι.
764 385 769 404 =
798 395 801 402 ,
1014 365 1055 430 aa

104 516 182 596 quod
200 515 405 598 'bunc-regem
427 516 489 578 odit
521 501 579 576 aul
597 519 765 596 impugnat,
788 533 843 576 nec
863 517 959 595 prius·
980 513 1057 594 desi·
1132 537 1158 572 .·

103 635 207 678 nemus
239 611 361 695 sperare
390 618 420 676 in
441 617 522 676 bunc
541 636 642 696 regem
663 620 815 688 nostrum,
837 634 926 694 quam
947 617 1056 698 videri-

35 762 37 768 .
103 737 168 776 mus
191 735 262 784 eum
288 737 324 776 ex
343 717 400 776 ha'c
422 717 492 776 sede
508 736 583 788 sua,
616 717 646 774 ln
668 735 756 795 quam
777 717 859 776 Deus
879 721 967 796 pater
988 735 1080 777 eum·

104 816 274 886 collocavit,
298 815 497 876 deturbatum.
542 817 699 876 Credimus
726 821 825 875 autem
854 807 938 877 bunc
957 821 1058 895 „ego“‚

14 950 15 955 κ
84 915 154 992 ,(Ῑιιὶ
187 933 292 993 regem
325 935 412 974 suum
439 917 606 986 constituit,
636 906 698 976 non¹
715 931 890 994 passurum,
922 921 957 976 ut
979 917 1059 994 qu'od

105 1015 167 1092 ipse
189 1012 306 1085 statuit,
327 1015 456 1074 mundus
478 1003 628 1094 irdiingat,
651 1016 728 1074 sieut
748 1015 858 1096 probat
879 1015 1060 1096 experientia
1121 1009 1123 1015 ⁴

101 1115 236 1200 'omnium
256 1113 451 1173 saeculorum.
493 1113 619 1174 Hostes.
634 1108 710 1174 enim
738 1115 827 1194 hujus
851 1117 930 1196 regis
958 1135 1059 1176 omnes

14 1249 15 1256 κ
105 1215 314 1284 conciderunt,
337 1215 401 1292 ipse
427 1219 527 1274 autem
549 1215 648 1274 salvus
670 1220 785 1294 regnat.

184 1318 283 1397 igitur
302 1315 432 1393 primum
454 1315 549 1386 disce,
573 1315 653 1391 quod
672 1315 721 1374 hic
741 1325 792 1374 rer
814 1335 831 1373 a
851 1321 938 1396 patre
953 1317 1061 1386 consti·

14 1465 15 1470 ,
105 1422 187 1485 tutus
209 1419 258 1488 sit,
281 1413 388 1474 deinde
409 1415 489 1491 quod
511 1415 728 1494 exspectandus
751 1421 780 1474 et
801 1417 994 1485 inveniendus
1022 1417 1062 1476 sit
1156 1437 1158 1448 ¹*

14 1539 16 1571 ;
107 1516 258 1582 inmonte
281 1519 385 1573 sancto
406 1515 495 1574 Ζῐοη,ἱ
533 1507 610 1574 Huc
624 1517 716 1594 igitur
738 1519 942 1575 convertamus
959 1515 1060 1575 oculos

15 1650 16 1655 κ
106 1621 231 1688 nostros,
254 1618 285 1674 et
303 1634 362 1674 uon
383 1617 565 1685 errabimus,
586 1615 715 1674 mundus
738 1621 837 1675 autem
862 1617 986 1686 errabit,
1010 1616 1061 1693 qui

106 1715 182 1776 'Zion
204 1716 383 1784 contemnit·
400 1719 430 1774 et
451 1719 555 1792 contra
576 1713 656 1774 hanc
676 1735 776 1794 regem
797 1720 896 1775 movet
916 1717 1048 1798 turbas„
1143 1761 1144 1768 ,

186 1816 345 1876 Hactenus
375 1815 476 1874 docuit
509 1833 563 1874 nos
593 1815 742 1895 propheta
770 1815 807 1874 de
840 1817 1003 1874 constituto
1030 1820 1069 1874 et*

108 1913 260 1976 declarato
283 1915 423 1975 seditioso
445 1933 533 1996 rege,
562 1932 624 1974 una
646 1935 721 1975 -cum
754 1916 895 1976 seditiosa
917 1935 971 1974 sua
993 1913 1063 1974 doc·

108 2017 193 2107 tripa.
211 1994 402 2076 ‘seditiosum
423 2020 523 2075 autem
543 2035 615 2076 voco
635 2035 693 2074 non
716 2035 770 2077 sua
792 2016 888 2096 culpa,
911 2017 963 2075 sed
982 2016 1063 2096 q'uod

91 2117 252 2188 mundus,
278 2117 338 2196 ,hoc
371 2121 432 2188 est,
463 2116 706 2195 regesspopuli·
719 2117 879 2194 principes,
903 2118 1062 2196 sapientae,
1118 2099 1119 2108 ἵ

109 2219 220 2290 ¹sancti,
252 2215 385 2295 religiosi
415 2215 605 2276 offenduntur
633 2217 664 2272 in
686 2233 734 2286 eo,
766 2235 801 2276 ac
823 2216 889 2302 ideo
910 2203 1010 2278 fauere
1033 2222 1064 2298 et
1146 2275 1149 2286 ,

112 2314 271 2375 seditiones
292 2335 410 2377 movere
430 2315 588 2394 incipiunt.
610 2315 679 2374 Etsi
706 2321 806 2376 autem
819 2317 876 2376 hoc
892 2319 1064 2378 vaticinium
1133 2355 1135 2358 -

112 2431 169 2473 non
189 2416 351 2474 admodum
370 2403 492 2474 laetum
513 2419 576 2490 est,
598 2420 708 2476 'tamen
736 2405 1005 2477 necessariumcst
1025 2417 1065 2476 ad

111 2531 163 2574 nos
186 2515 412 2587 confirmandos,
434 2537 474 2576 ne
493 2517 560 2576 ideo
578 2518 752 2596 frangamur
765 2519 877 2588 animis,
903 2536 971 2577 cum
990 2517 1065 2576 haec

113 2613 155 2672 ita
174 2615 330 2694 geruntur,
352 2635 465 2693 nosque
488 2637 556 2678 cum
570 2638 648 2697 rege
669 2621 771 2676 nostro
790 2621 821 2676 ct
843 2616 977 2678 doctrina
999 2609 1064 2696 ejus
1116 2637 1119 2658 ³

114 2730 303 2786 accusamur,
340 2718 547 2791 quasi'simus
577 2718 717 2776 seditiosi.
760 2715 913 2776 Habemus
937 2717 1014 2774 enim
1034 2717 1066 2774 in

111 2809 167 2872 boc
186 2815 321 2894 periculo
343 2815 580 2876 defensoremet
598 2816 826 2895 justificatorem
849 2835 924 2888 eum,
946 2817 997 2892 qui
1016 2816 1069 2882 hic

114 2908 243 2989 loquitur
267 2920 297 2974 et
318 2897 409 2978 dicit}
448 2917 531 2996 „Ego
554 2918 695 2978 constitui
716 2935 819 2998 regem
838 2922 964 2976 mcum.“
1015 2983 1016 2987 Ἰ

193 3015 280 3081 Haec
311 3017 400 3074 unica
427 3021 532 3076 nostra
563 3016 724 3079 consolatio
748 3021 808 3086 est,
830 3017 861 3074 in
883 3000 942 3093 qua
962 3007 1073 3078 haere-

115 3127 193 3185 mus,
215 3117 272 3174 imo
295 3117 405 3192 inqua
427 3121 541 3176 stamus
563 3124 594 3177 et
616 3116 805 3196 superbimus
827 3117 929 3189 etiam,
954 3119 1071 3198 simpli--

118 3211 189 3272 citer
211 3221 295 3276 extra
316 3217 416 3276 oculos
436 3218 542 3294 positis
565 3203 595 3276 et
623 3217 766 3295 neglectis
788 3217 923 3276 omnibus
944 3219 1071 3298 regibus
1124 3251 1126 3266 ·
1167 3291 1168 3302 χ

118 3313 146 3367 et
164 3315 357 3395 principibus,
380 3317 515 3378 omnibus
537 3319 676 3396 gentibus
699 3321 729 3377 et
749 3317 877 3396 populis,
900 3320 1068 3377 cumomni

61 3399 63 3412 ⁴
117 3415 248 3484 potentia
273 3420 303 3475 et
321 3417 435 3476 viribus
457 3417 528 3475 suis.
565 3416 629 3476 ‘Hic
652 3418 729 3474 enim
750 3423 841 3496 „ego“
861 3417 980 3489 fortior,
1012 3437 1068 3498 po-

119 3497 240 3586 tentior,
274 3515 436 3594 sapientior
467 3515 525 3573 est
540 3515 592 3586 his,
618 3518 761 3576 omnibus.
804 3517 908 3594 ltaque
936 3519 1066 3578 servabit

120 3621 217 3686 regem
244 3635 331 3676 suum
361 3617 466 3674 contra
495 3614 598 3674 mundi
628 3615 737 3678 turias:
772 3616 828 3676 boc
861 3621 977 3678 servato
1010 3637 1064 3678 nos

121 3721 234 3786 quoque
256 3715 321 3793 ejus
343 3715 454 3774 subditi
476 3717 669 3778 servabimur.
696 3715 756 3778 'lta
775 3715 996 3778 consistendum
1018 3723 1065 3782 est

121 3801 151 3862 in
170 3808 371 3889 invisibilibus,
394 3835 471 3892 quae
492 3817 621 3880 ostendit
642 3817 690 3904 bic
710 3816 858 3914 psalmus,
887 3821 918 3880 et
932 3818 1063 3905 *visibilia
1098 3798 1101 3806 ⁴
