2338 4140
23 391 27 404 ,
110 331 169 394 ild
369 333 372 340 ’
462 331 748 398 haurn-atio,
798 371 806 376 *v

188 481 258 546 idco
278 488 381 546 noster
400 481 517 566 gladius
535 489 678 568 proponit
693 489 817 550 verbum
834 487 950 565 edulia,
969 493 1055 566 vitre,

58 573 60 582 ’
102 581 252 662 iustitiae,
264 588 294 644 et
305 585 714 647 conaturreducereiuviam.
738 589 918 668 Suutigitur
930 593 1056 671 pulchra

104 699 202 757 uma,
225 686 387 762 quiasunt
411 689 516 744 ornata
542 687 652 744 virtute
686 687 819 760 docendi,
840 689 1007 750 vivificandi
1027 702 1056 752 et

29 821 32 832 ·
101 783 300 864 justificandi,
313 783 367 842 scd
379 803 462 842 arma
474 783 583 844 diaboli
596 783 737 846 occidunt
754 787 913 866 corpus‘et
921 792 1055 852 animem.

103 883 164 947 Nos
187 885 292 943 eontra
311 881 501 943 vivificamus.
544 881 632 944 Multi
653 901 710 963 per
730 891 835 946 nostra
852 889 967 968 scripta
987 909 1055 950 con·

102 987 276 1054 vertuntur,
305 981 392 1042 multi
423 987 637 1042 conservantur
669 987 699 1042 et
728 985 896 1064 eripiuntur
929 988 1054 1049 diaholo.

101 1079 171 1142 ldeo
193 1086 265 1142 suut
285 1081 379 1141 nostri
411 1083 491 1162 regis
513 1101 596 1142 arma
616 1077 830 1161 pulcherrima,
862 1103 945 1144 arum
964 1087 1054 1166 plena

101 1181 176 1260 vita,
209 1181 323 1253 salute,
343 1183 463 1240 virtute.
506 1181 562 1240 liis
585 1181 740 1258 accingere
760 1184 790 1241 et
813 1199 934 1254 ornare,
956 1189 991 1246 ut
1013 1183 1053 1246 sis

44 1265 62 1288 '¹
100 1278 290 1350 tournines,
319 1280 406 1358 cujus
435 1277 594 1338 vulnerare
617 1281 664 1338 est
685 1297 805 1351 sanare,
829 1281 916 1358 cujus
938 1283 1052 1342 oecide-

47 1363 48 1369 ἵ
100 1391 135 1438 re
155 1383 202 1439 est
221 1378 385 1450 vivificare,
414 1377 501 1455 cujus
521 1377 649 1456 perdere
671 1381 718 1436 est
745 1379 877 1452 salvare,
877 1381 982 1464 quia
1002 1401 1051 1442 no·

100 1480 173 1540 atris
200 1478 287 1539 bellis
308 1478 394 1537 nihil
411 1477 492 1536 aliud
519 1478 699 1568 quaerimus,
721 1495 811 1553 quam
831 1483 867 1538 ut
886 1496 1049 1558 purgemus

99 1559 237 1638 naturam
265 1581 366 1638 asuis
387 1577 482 1648 uitiis,
505 1581 535 1637 et
556 1577 716 1654 eripiamus
738 1597 772 1636 en
793 1579 968 1658 captivitate
990 1581 1050 1642 dia-

98 1678 168 1738 boli.
210 1679 268 1738 Ubi
290 1697 348 1738 non
368 1678 437 1736 ierit
457 1677 506 1736 hic
526 1675 658 1755 gladius,
686 1675 726 1734 ihi
747 1677 821 1735 nihil
842 1678 988 1757 eJ'usmodi
1007 1681 1047 1754 fit,

100 1782 224 1854 econtra
243 1779 295 1837 uhi
316 1778 393 1849 ferit,
415 1775 461 1851 ibi
477 1775 566 1835 efficit
581 1769 738 1852 justitiam,
756 1771 860 1849 'vitam
882 1779 1018 1839 salutem.

180 1877 266 1938 Haec
287 1881 333 1937 est
353 1878 437 1948 ratio,
459 1885 515 1935 cur
529 1891 612 1932 arma
631 1873 722 1952 hujus
736 1876 816 1954 regis
830 1881 917 1936 vocet
928 1877 1045 1938 laudem

98 1980 130 2036 et
147 1976 292 2049 decorem,
315 1980 346 2043 et
367 1975 468 2034 mallet
492 1972 611 2050 quidem
632 1992 667 2032 ea
688 1973 864 2053 simpliciter
878 1977 998 2038 laudem
1017 1983 1046 2040 et

77 2076 243 2149 'decorem
263 2082 297 2136 et
313 2095 372 2136 non
392 2093 476 2134 orma
495 2092 610 2146 vocare,
632 2077 663 2132 et
683 2077 784 2132 tamen
804 2073 901 2135 ulitur
922 2077 974 2136 illa
995 2096 1045 2157 ap-

96 2176 257 2257 pellatione
279 2193 428 2234 armorum
450 2179 480 2234 et
501 2173 592 2253 gladii
613 2177 739 2255 propter
760 2175 885 2262 verbum
906 2181 937 2237 ct
954 2179 1044 2238 virtu·
1148 2215 1149 2218 =

95 2281 158 2337 tem
177 2276 269 2346 verbi,
291 2273 371 2352 quod
392 2291 460 2332 curu
481 2274 650 2334 admittitur
670 2275 700 2332 in
718 2274 816 2346 corda,
839 2279 886 2336 eat
902 2281 1043 2354 tanquam

95 2375 222 2456 gladius,
245 2376 296 2452 qui
317 2373 435 2446 oceidit,
457 2377 487 2432 et
508 2373 669 2460 occidendo
690 2373 818 2444 vivificat
837 2379 867 2434 et
885 2380 991 2448 ornat,
1012 2381 1044 2437 ut

95 2475 208 2558 laetum
229 2493 281 2536 cor
302 2476 339 2534 oh
360 2473 499 2532 fiduciam
519 2472 550 2530 in
569 2471 650 2534 hunc
670 2491 771 2552 regem
793 2475 891 2533 omnia
911 2475 1044 2554 pericula

76 2565 127 2638 ‘et
146 2576 226 2637 mala
246 2577 415 2638 contemnat
440 2575 471 2632 et
491 2575 633 2651 superet
665 2573 769 2650 Neque
789 2574 866 2632 enim
886 2579 958 2634 sunt
980 2595 1043 2636 car·

94 2677 174 2764 nulia
196 2695 292 2748 arma,
323 2691 400 2752 qnae
421 2689 529 2751 corpus
550 2671 715 2748 vulnerent,
738 2672 791 2731 sed
812 2676 883 2732 sunt
905 2677 1043 2753 spiritua·

93 2777 134 2838 lia
154 2779 186 2838 et
201 2778 336 2859 potentia
356 2775 412 2835 Dei
426 2768 539 2843 induta,
552 2773 660 2848 quibus
676 2770 858 2848 defendimus
872 2791 926 2834 nos
940 2780 1043 2836 contra

94 2881 246 2950 Seianam,
268 2897 335 2938 eum
356 2893 446 2948 novas
469 2876 567 2933 sectas
588 2875 619 2931 et
638 2871 777 2931 haereses
798 2869 955 2956 producit,
977 2875 1040 2950 qui·

91 2967 149 3040 hus
171 2977 323 3038 dementat
350 2967 495 3034 mundum
516 2974 547 3031 et
562 2971 672 3049 abripit
693 2989 711 3030 a
731 2972 829 3030 verbo.
873 2969 916 3028 lbi
936 2970 1041 3032 horum

43 3063 45 3068 ⁸
91 3091 242 3138 armorum
260 3095 335 3138 usus
357 3083 411 3146 est,
432 3079 467 3134 ut
488 3091 541 3132 nos
563 3070 770 3143 defendamus,
790 3068 864 3130 alios
885 3087 1041 3131 conserve-

90 3181 325 3251 mactaremur
346 3159 576 3242 etmuniarnus,
603 3178 641 3230 u'e
669 3172 762 3230 Satan
790 3173 887 3232 omnia
916 3181 1038 3249 evertat,

91 3280 171 3342 sicut
189 3278 309 3356 cogitet.
340 3277 401 3343 (lui
415 3281 514 3336 autem
535 3275 728 3334 contemnunt
741 3277 771 3330 et
787 3279 963 3334 aversantur
976 3295 1038 3348 nos,

90 3379 134 3442 illi
151 3379 259 3461 putaht
274 3386 378 3437 nostra
399 3395 482 3448 arma
495 3371 569 3433 nihii
589 3389 663 3443 esse,
679 3371 783 3430 dicunt
793 3390 846 3430 nos
859 3391 917 3431 non
931 3375 1039 3435 iutelli-

90 3499 163 3561 gere
167 3479 357 3558 scripturam
369 3479 399 3535 et
412 3493 514 3534 canere
525 3448 642 3550 spiritu,
654 3473 732 3531 srcut
739 3472 898 3532 iilunzerus
912 3473 1039 3538 dicebat.

88 3580 135 3640 llli
156 3573 452 3640 infirmantnost'rum
472 3571 612 3649 gladium,
635 3574 666 3628 et
683 3575 885 3650 conspureant
901 3565 1038 3636 ornatum

80 3676 233 3751 uestrum,
246 3694 345 3737 coram
353 3671 410 3730 illis
422 3674 525 3728 nostra
536 3668 672 3726 doctrina
684 3687 743 3727 non
754 3673 800 3729 est
810 3669 1038 3746 doctriuavitae,

91 3781 197 3840 etuas
217 3795 276 3838 non
298 3788 400 3834 sumus
420 3763 528 3857 ἾῚΞῗι,
550 3765 604 3822 sed
625 3767 752 3828 confossi
764 3769 896 3863 eloceiai
917 3773 1035 3833 militas.
