2426 4140
1077 219 1103 294 't

154 345 196 408 80
289 384 293 398 1
358 315 362 340 Ι
430 427 436 452 x
513 345 727 448 Enarratio

154 503 303 578 proponet
328 497 432 560 animis
465 505 555 577 atque
582 497 675 562 oculis
703 503 840 570 omnium,
861 499 891 560 id
917 515 986 562 um
1005 511 1093 563 unm

154 599 278 670 intueri,
300 599 339 658 ab
359 615 395 657 eo
414 617 475 660 uno
494 598 641 678 pendere,
669 617 703 659 eo
722 601 787 659 solo
808 601 862 660 niti
882 600 1030 665 ae'tidere
1048 603 1095 682 jn-

154 699 213 770 bet,
235 698 286 774 qui
307 697 429 758 indutus
451 711 570 757 caruem
590 706 731 770 nostram,
751 699 785 778 in,
802 717 891 758 carne
913 705 1017 762 nostra
1028 703 1096 763 vicit

155 801 310 868 Satanam,
339 797 447 858 occidit
476 801 615 868 mortem,
643 803 673 858 et
699 799 846 858 internum
870 799 1032 878 populatus
1051 807 1097 862 est

143 889 191 956 'ac
217 881 372 956 destruxit
397 895 503 956 'Hunc
529 911 622 956 unum
648 897 802 977 praedicat
822 899 999 976 sapientem,
1030 900 1097 975 qnia

154 996 236 1056 solus
250 995 307 1056 Dei
327 999 423 1076 patris
443 997 625 1056 voluntatem
646 1000 703 1058 scit
724 1003 754 1057 et
774 983 854 1056 iacit'.
894 995 985 1057 Hunc
1005 999 1097 1060 solum

153 1102 240 1156 vocat
257 1097 389 1174 justum,
424 1099 494 1172 quia
516 1089 574 1156 no'n
596 1097 690 1156 solum
710 1101 868 1176 peccatum
887 1097 1002 1157 nullum
1020 1099 1097 1172 tecit,

154 1197 207 1256 sed
228 1213 313 1255 suam
330 1197 478 1272 justitiam
509 1198 724 1256 communicare
754 1197 888 1256 omnibus
909 1193 1102 1258 credentibus

153 1299 184 1356 in
205 1315 272 1356 oum
300 1301 401 1374 potest
431 1300 462 1354 'et
488 1296 561 1356 vult
603 1295 694 1354 Hunc
719 1295 815 1354 solnm
846 1297 918 1355 dicit
937 1283 1097 1376 potentem,

154 1398 224 1473 quia
245 1397 325 1455 solus
346 1397 460 1467 sortem,
483 1395 699 1455 custodientem
726 1397 834 1454 atrium
855 1415 954 1476 suum,
976 1398 1045 1458 vicit
1068 1401 1100 1458 et

153 1495 298 1575 spoliarit
341 1496 435 1574 igitur
471 1496 536 1573 ejus
564 1496 725 1573 sapientia,
759 1495 878 1572 justitia
907 1501 937 1555 et
966 1498 1100 1574 potentia

152 1596 217 1656 vult
238 1615 291 1656 nos
313 1595 475 1666 confidere,
504 1613 540 1653 ac
571 1599 635 1653 tum
666 1595 784 1652 demum
811 1613 864 1653 nos
892 1615 1011 1672 quoqne
1029 1613 1100 1675 pro-

143 1697 243 1756 mittit
282 1697 446 1774 sapientes,
475 1695 589 1772 justos,
616 1697 753 1771 potentes
789 1694 861 1754 iore.
904 1697 964 1760 ttui
993 1695 1099 1756 si'hac

59 1809 60 1818 ¹
153 1798 300 1875 sapientia
321 1795 531 1868 destituamur,
552 1813 623 1852 rere
644 1793 937 1870 stulti„peccatores
958 1801 989 1854 et
1009 1797 1100 1856 imbe-

153 1895 355 1955 cillessumus.
373 1893 1100 1968 Sedmunduatanquamrincnladoctrinamlrnnc

83 2033 96 2054 .-
151 1995 346 2073 disrumpere,
368 1997 399 2052 ct
419 1997 561 2067 tanquam
579 1980 686 2070 jugum
705 1993 853 2070 projicere
874 2012 893 2050 a
912 2013 945 2052 se
963 1997 1099 2053 conatur.

233 2096 284 2154 Sic
304 2094 397 2152 omnis
429 2093 578 2150 contentio
606 2096 654 2150 est
683 2108 752 2150 cum
772 2092 828 2150 hoc
849 2111 920 2171 rege
942 2092 980 2150 de
1000 2093 1100 2170 primo

146 2190 329 2274 praecepto,
358 2197 389 2251 et
409 2193 541 2270 Spiritus
564 2196 686 2250 sanctam
706 2193 738 2249 in
757 2192 815 2250 hac
834 2192 991 2270 prophetia
1010 2210 1102 2271 prae-

120 2300 122 2308 ’
144 2274 240 2372 'cipue
252 2289 434 2373 confirmare
455 2293 578 2350 animos*
588 2295 705 2350 nostros
718 2290 812 2350 voluit
825 2296 929 2351 contra
943 2291 1000 2351 hoc
1013 2309 1102 2351 scan-

152 2393 267 2462 dalum,
300 2391 380 2467 qnod
402 2393 600 2469 potentissimi
621 2409 708 2468 reges
734 2395 766 2449 et
785 2391 951 2470 principes,
974 2393 1103 2452 sanctis-

152 2493 217 2552 simi
238 2497 268 2550 et
290 2491 499 2570 sapientissimi
518 2491 659 2561 homines,
680 2507 806 2565 qnorum
831 2491 976 2568 sapientia
1006 2489 1104 2568 regna

152 2597 183 2651 et
202 2591 389 2670 respublicae
402 2592 615 2669 gubernantur,
637 2607 762 2666 quornm
771 2591 890 2668 justitia
905 2594 936 2649 et
949 2579 1104 2666 aequitate

87 2733 90 2747 ,
152 2690 273 2763 florent,
301 2692 371 2750 huic
390 2692 463 2769 regi
484 2710 517 2750 se
538 2691 706 2769 opponunt,
728 2689 839 2746 nullam
861 2689 948 2748 aliam
969 2691 1006 2747 ob
1030 2707 1105 2747 cau-

152 2808 231 2864 sam,
268 2809 357 2867 quam
390 2789 472 2866 quod
503 2807 562 2850 non
588 2789 692 2848 volunt
712 2807 811 2846 coram
832 2788 895 2848 Deo
916 2787 1001 2848 stulti
1024 2795 1104 2860 esse,

151 2909 210 2950 non
242 2894 370 2969 possunt
395 2889 490 2962 ferre,
518 2909 586 2948 eum
607 2889 743 2968 ,andiunt
776 2887 873 2966 leges,
904 2887 1104 2967 disciplinam,

150 2989 336 3050 honestatem
364 2993 395 3048 et
424 2989 484 3048 alia
513 2989 592 3048 hona
612 3005 703 3066 opera
723 2986 873 3046 advitam
894 2993 1046 3048 aeternam
1071 2991 1107 3046 et

116 3132 119 3150 .
149 3091 352 3150 remissionem
386 3091 578 3166 peccatorum
614 3073 852 3163 consequendam
878 3108 943 3148 esse
972 3087 1105 3148 inutilia.

62 3199 66 3210 ’
102 3183 108 3200 ‘
150 3191 244 3269 lgitur
254 3189 482 3258 tumultuantur,
502 3187 614 3257 furunt,
628 3187 805 3257 consultant,
822 3189 981 3266 insurgunt
994 3191 1108 3246 contra

69 3313 74 3342 ι
151 3290 335 3368 evangelium
355 3291 498 3362 tunquam
524 3286 694 3347 seditiosam
715 3287 881 3346 doctrinam
896 3291 933 3364 ,et
952 3287 1107 3366 pernicio-

151 3382 229 3459 sa'm,
260 3407 336 3464 quae
364 3388 416 3446 det
443 3387 628 3445 occasionem
660 3388 811 3457 licentiae,
844 3405 921 3462 quae
941 3385 1110 3465 prohibeat

149 3490 228 3547 bone
249 3505 353 3565 opera,
382 3491 435 3545 aut
467 3485 573 3544 saltem
594 3487 715 3564 abjiciat
736 3493 767 3546 et
788 3487 922 3558 damnet,
952 3484 1108 3562 siquidem

43 3611 49 3665 g*
146 3588 190 3647 ad
208 3589 355 3666 justitiam
377 3585 449 3644 nihil
468 3585 568 3646 velere
590 3585 671 3646 dicit.

234 3685 331 3760 (trram
360 3689 459 3744 autem
486 3697 557 3744 veru
584 3685 658 3744 hacc
685 3685 723 3743 sit
751 3687 914 3755 accusatio,
941 3684 1110 3744 aestiment

44 3803 45 3810 ¹
151 3786 229 3843 boni.
271 3785 336 3843 Non
358 3786 434 3845 enim
462 3783 581 3844 damnat
602 3786 678 3844 bono
700 3804 791 3863 opera
812 3775 1010 3867 evangelium,
1042 3783 1109 3843 hoc
