2366 4142
56 287 154 351 ’88
262 366 265 373 Ι
430 281 694 384 xlinarr'atic
776 245 778 257 Ι

78 457 182 503 man
203 439 261 504 hos
280 440 379 520 ipsum
399 437 538 510 verbum,
570 438 614 498 sic
644 441 826 514 contemtum
847 444 878 500 et
895 439 1069 524 neglectum

20 579 22 586 ,
116 545 148 604 1ιι
145 540 294 612 inundo,
325 537 456 604 tandem
469 537 612 598 destruet
636 529 738 600 omnes*
768 536 838 600 suus
857 541 1073 618 noscenda

119 643 211 713 enim,
248 645 284 700 ut
312 637 463 718 propheta
489 637 540 696 hic
571 633 720 713 loquitur,
749 640 878 703 farreum
911 641 1072 722 sceptrum,

112 761 175 802 ¹con
177 745 226 799 tra
177 738 445 799 ttmundus
398 741 445 798 est
472 753 539 798 vas
552 735 726 817 figulinum,
753 739 812 800 leri
831 742 924 820 Igitur
944 741 1075 820 impulsu

119 842 192 918 ferri
212 859 264 899 vas
286 837 369 918 figuli
392 837 551 916 disjicitur.

203 940 281 1012 Cur,
317 939 449 1015 inquies,
478 937 536 998 hac
567 937 685 997 nomina
720 937 908 1018 evangelium
944 936 1077 1020 appellat

123 1041 255 1121 Spiritus
277 1043 416 1108 sanctus,
452 1056 521 1097 cum
554 1057 589 1098 re
623 1055 694 1098 vera
725 1039 766 1098 sit
793 1039 918 1098 verbum
937 1058 1077 1100 recreans

113 1143 236 1202 vanimas
258 1131 289 1200 et
310 1134 514 1215 salumn),
543 1138 622 1212 sicut
643 1136 781 1203 Christus
810 1157 929 1216 quoque
950 1159 1010 1200 non
1029 1160 1079 1200 va·

123 1243 168 1322 nit
188 1241 228 1300 ad
247 1239 436 1322 perdendum
466 1235 627 1310 mnndum,
662 1235 716 1324 sed
742 1243 779 1298 ut
809 1237 1077 1312 salvet-mundum,

124 1341 173 1401 hic
194 1350 295 1404 autem
317 1340 467 1400 diversum
488 1338 667 1398 vaticinatur
689 1337 820 1418 Spiritus
842 1341 1079 1416 sanctus‚.quod

2 1520 5 1527 Ι
112 1441 270 1506 ,mundum
295 1441 335 1500 sit
355 1438 550 1500 vastaturus?
573 1438 768 1517 Respondeo:
790 1437 902 1500 Verum
924 1445 979 1512 est,
1001 1439 1081 1518 quod

112 1541 183 1622 ,hcc
204 1541 315 1600 Christi
338 1540 465 1620 officium
487 1534 617 1614 est¹⁸),
647 1543 683 1597 ut
703 1539 813 1611 salvet,
842 1545 880 1600 ut
907 1541 1080 1620 apeccatis

126 1644 252 1720 liberet,
285 1646 316 1702 ct
353 1641 443 1700 donet
477 1645 628 1698 aeternam
661 1640 759 1698 vitam.
810 1641 879 1702 Sica
896 1639 1081 1718 evangelium

128 1763 247 1822 qnoque
268 1746 350 1802 recte
373 1741 482 1802 dicitur
503 1756 522 1798 a
542 1739 636 1798 Panlo
657 1741 792 1820 potentia
812 1738 870 1802 Dei
895 1740 934 1799 ad
955 1741 1083 1800 salutem

126 1845 207 1936 pmni
228 1842 371 1902 credenti.
415 1839 476 1904 (tui
504 1840 581 1898 enim
605 1839 706 1898 Christ
694 1843 758 1898 tum
786 1839 1024 1920 amplectuntur,
1052 1846 1084 1902 et

35 1945 38 1960 '
126 1922 219 2002 rerba
241 1941 306 2020 ejus
329 1939 483 2010 credunt,
498 1957 568 1997 vere
589 1943 775 2016 consequunt
776 1959 813 2002 ur
762 1937 983 2000 tsalutem.
1013 1937 1084 2000 Ideo

114 2019 282 2129 'tlscriptura
309 2057 427 2116 quoquc
455 2056 523 2098 eum
554 2042 646 2100 vocat
656 2039 764 2118 anguli
796 2015 939 2118 lapidem,
962 2041 1013 2116 qui
1036 2060 1088 2102 su-

46 2123 49 2130 *
89 2159 91 2164 ·
126 2141 222 2210 stinet
242 2143 338 2198 tot-um
360 2139 485 2200 aedificii
506 2137 639 2218 pondus,
668 2139 716 2198 cui
738 2142 782 2198 tot
783 2157 833 2199 um
854 2139 1050 2202 aedificium
1041 2160 1088 2200 m-

114 2201 248 2310 ‘nititur
264 2259 302 2297 ne
324 2243 452 2298 corruat.
497 2239 556 2306 Qui
577 2231 676 2300 autem
699 2239 852 2300 Christum
872 2259 932 2300 nou
956 2240 1089 2320 amplec-

57 2376 63 2385 ,
129 2343 244 2424 tuatim,
268 2342 297 2399 et
318 2340 443 2398 verbum
465 2339 529 2418 ejus
552 2338 687 2410 oderunt,
710 2338 741 2398 hi
762 2341 832 2416 quia
853 2339 980 2400 salutem
1001 2328 1088 2422 suam

114 2421 290 2520 jalijiciunt,
314 2438 458 2516 quomodo
480 2441 617 2517 possunt
629 2456 689 2498 non
707 2434 828 2517 periret
873 2439 933 2504 (tui
953 2440 1024 2500 huic
1043 2439 1090 2500 la-

130 2539 274 2620 pidincn
295 2539 399 2598 volunt
429 2538 528 2610 inniti,
561 2537 615 2632 sed
636 2543 743 2618 aperta
763 2538 860 2598 fronte
881 2544 1088 2614 contraeunt,

132 2631 183 2717 qui
205 2643 258 2699 aut
285 2639 397 2698 cadunt
424 2639 455 2698 in
476 2639 556 2698 hunc
582 2638 726 2718 lapidem,
755 2641 808 2698 aut
829 2657 921 2716 super
943 2659 1017 2718 quos
1038 2641 1089 2702 hie

115 2717 209 2818 ¹lapis
223 2726 326 2810 cadit,
349 2738 493 2816 quomodo
515 2756 574 2798 non
594 2742 722 2818 possunt
739 2736 842 2805 ,laedit
991 2743 993 2750 ‘

45 2833 50 2846 “
215 2837 310 2916 igitur
332 2838 470 2898 Christus
494 2857 612 2914 quoque
633 2839 713 2909 dicit
738 2837 804 2897 Joh
821 2841 884 2898 12.;
894 2839 991 2914 „Non
1010 2840 1088 2912 veni,

117 2937 320 3016 ,ιι11ιιι111ιιιιι
348 2939 507 3010 mundum,
539 2937 592 2998 sed
624 2942 659 2999 ut
691 2936 802 2998 salvem
829 2903 982 3002 mundum.
1026 2941 1089 3008 aui

17 3049 38 3096 ,1
117 3019 220 3126 ime
202 3038 377 3116 spernit,e
362 3024 537 3096 etverbnm
564 3056 662 3096 meum
690 3056 749 3098 non
780 3039 905 3118 accipit,
933 3039 959 3100 is
988 3039 1088 3112 habet,

19 3223 22 3232 ι
117 3119 185 3214 iqui
208 3155 275 3195 eum
293 3136 417 3214 judicet,
439 3139 571 3208 ver,bum
596 3137 676 3214 quod
697 3137 815 3196 locutus
837 3129 917 3207 sum,
937 3137 1092 3215 judicabit

117 3242 202 3312 ¹e'um
223 3237 431 3295 innovissimo
455 3237 531 3295 die.“
541 3233 597 3314 17)
640 3237 697 3298 Est
719 3237 838 3314 quidem
860 3241 1014 3315 sceptrum
1034 3257 1091 3300 seu

20 3361 22 3368 ·
133 3337 218 3416 virga
245 3335 350 3394 salutis
379 3337 502 3394 verbum
534 3337 678 3416 evangelii
717 3338 851 3412 omnibus
887 3336 1090 3410 credentibus,

117 3431 190 3520 'sed
222 3435 273 3512 qui
305 3435 361 3492 hoc
383 3435 541 3511 abjiciunt,
579 3437 653 3512 quia
683 3429 810 3496 salutem
840 3437 999 3514 abjiciunt,
1029 3456 1089 3498 nou

135 3541 262 3616 possunt
282 3553 346 3595 non
368 3535 476 3612 perire.
521 3537 585 3594 Non
613 3533 702 3612 culpa
730 3537 826 3606 verbi,
849 3537 928 3613 quod
950 3538 1088 3598 santtum

129 3636 343 3653 Μ

166 3665 222 3724 151
246 3664 425 3736 Evangatium
438 3674 579 3733 sceptrum
590 3665 721 3758 ferreum.
761 3667 811 3738 lt)
826 3667 934 3724 Christi
948 3667 1088 3726 sidetem

44 3745 47 3752 '
117 3752 187 3824 ιι)
208 3751 272 3806 ιιι.
293 3753 336 3806 12.
