2338 4140
101 325 194 388 ²158
234 327 237 336 ’
512 321 735 385 Βηατηῐὶο
806 385 808 392 ,

130 479 200 540 ideo
220 476 335 539 bellum
352 476 415 536 hoe
429 481 477 537 est
497 493 651 556 asperum,
681 495 741 536 non
767 474 863 536 solnr'n
883 480 1010 556 propter
1029 496 1080 538 no·

88 609 91 614 ·
129 559 225 641 stram
244 577 452 648 infirmitatem,
474 595 551 652 qnae
571 578 602 634 in
624 557 753 654 speciem
773 580 827 647 esi,
842 579 872 635 et
889 560 1079 655 paucitatem,

129 680 185 740 sed
205 680 294 738 etiem
306 679 432 756 propter
456 661 695 735 adversariorum
708 677 881 754 potentium,
903 659 1089 756 sapientiam*

98 837 100 842 ,
129 777 398 840 multitudinem.
426 776 500 842 Nam
522 775 700 835 etOhristus
720 757 1010 853 pronuntiatbuoue
1033 781 1079 838 lo.

127 877 204 940 filios
225 878 315 956 hujus
336 873 447 936 mundi
460 876 656 954 sapientiores
677 894 744 934 esse
771 874 840 934 tiliis
867 875 954 935 lueis.
997 876 1078 956 Ergo

127 995 187 1038 non
206 979 292 1036 *esset
311 975 435 1048 mirum,
463 977 563 1056 potius
593 975 748 1036 discedere
775 977 813 1034 ab
835 975 930 1034 officio
952 975 1078 1036 docendi

83 1073 84 1080 '
126 1077 258 1140 infirmos
279 1076 426 1144 homines,
455 1095 544 1155 quem
565 1077 684 1134 irritare
706 1080 811 1134 contra
832 1095 864 1135 se
885 1079 931 1134 tot
951 1059 1077 1154 ingenie,

125 1181 171 1238 tot
192 1180 320 1247 candoe,
341 1181 386 1236 tot
399 1181 545 1256 potentes,
568 1177 740 1236 universum
753 1177 842 1235 ctiam
861 1176 1007 1234 mundum
1018 1163 1093 1264 une*

23 1279 28 1296 ‘
49 1337 53 1355 ,
123 1279 310 1358 compertis
331 1261 425 1347 inferi,
450 1277 489 1334 nd
502 1295 578 1352 quae
591 1276 738 1335 accedunt
759 1275 943 1355 ingratitudo
964 1276 1076 1356 populi,

125 1382 293 1454 contemtus
315 1381 345 1436 et
366 1377 518 1436 fastidium
538 1377 629 1447 verbi,
650 1377 682 1434 in
694 1395 809 1436 summa
818 1377 931 1453 ubique
947 1381 1075 1456 apparet

122 1497 240 1540 merum
260 1478 461 1548 infortunium,
482 1475 554 1534 ioris
574 1479 799 1560 persequuntur
813 1473 966 1548 uerbum,
995 1476 1076 1555 apud

18 1593 19 1596 ’
115 1582 386 1662 ὐῠεοοιιῐειῐιιηιωῒ
399 1582 429 1636 et
450 1575 613 1655 negligunt,
632 1581 769 1656 pastores
790 1595 887 1655 paene
909 1577 988 1636 farne
1009 1597 1075 1636 ene-

123 1685 239 1752 cantur,
262 1684 292 1740 et
307 1678 422 1738 nullum
432 1677 597 1756 ponentium
612 1676 713 1736 ierunt
732 1677 774 1755 pii
786 1677 906 1738 iuberis
921 1680 976 1748 sui,¹
988 1696 1074 1753 quum

121 1779 367 1861 ingratitudinem
389 1778 549 1837 etodium.
578 1770 636 1835 [ibi
656 1778 705 1836 hic
727 1789 773 1838 est
793 1778 996 1856 prosperitas?
1018 1777 1073 1845 iii-

122 1882 230 1942 mirum
251 1881 282 1942 in
303 1880 421 1958 spiritu.

95 2042 100 2048 ,
121 2009 125 2016 ·
204 1980 287 2058 Ergo
309 1981 390 2057 erige
400 1983 439 2050 te,
461 1981 543 2036 tune
564 1974 637 2034 cede
657 1975 751 2046 maiis,
775 1975 829 2035 sed
846 1977 1072 2049 contraaudeo·

121 2081 182 2140 tior
202 2080 252 2150 ito,
273 2097 443 2158 persevera,
456 2075 516 2136 noli
538 2076 635 2154 frangi
656 2075 705 2134 rel
726 2080 877 2136 contemtu
899 2081 929 2136 et
952 2077 1073 2156 ingrati·

121 2179 226 2261 tudine
246 2179 424 2248 intrinseca,
454 2177 501 2237 rei
525 2175 702 2236 tumultibus
731 2181 762 2235 et
782 2176 866 2235 iuriis
889 2177 1068 2245 extrinsecis,

108 2275 177 2348 ¹sed
198 2279 242 2337 sie
255 2278 368 2355 cogito:
391 2277 467 2336 Cum
480 2275 620 2348 infirmor,
636 2292 702 2336 sum
716 2269 902 2347 fortissimus,
917 2295 986 2336 cnm
1002 2295 1068 2356 sup·

99 2381 243 2460 ¹prinmo,
266 2393 414 2456 emergor,
450 2377 529 2434 sicut
559 2376 661 2454 palma
679 2378 838 2456 insurgens
859 2363 1066 2436 mntrn'onus

113 2481 174 2544 sie
191 2477 348 2558 ¹Augustae
367 2477 548 2576 gutnbamur
568 2477 676 2555 perire,
699 2477 814 2562 sedibi
835 2478 961 2548 maxime
980 2495 1068 2536 emer·
1150 2483 1151 2490 ’

89 2645 91 2649 Α
121 2581 223 2640 simus.
252 2579 302 2640 Sic
324 2578 354 2636 in
374 2577 503 2646 tristitia,
525 2585 594 2634 cum
612 2564 675 2652 jem
695 2578 819 2655 proximi
841 2595 944 2636 sumus
966 2577 1067 2656 despe-

121 2657 238 2752 rationi,
259 2683 324 2738 tum
344 2677 468 2736 maxime
489 2677 584 2734 oritur
606 2695 683 2754 spes.
714 2678 765 2735 Sic
786 2677 873 2736 hodie
895 2697 963 2736 oum
983 2677 1068 2736 mexi-

49 2767 57 2822 .'
119 2799 188 2842 runs
210 2783 376 2840 contemtus
399 2775 601 2836 et‘iaetidium
621 2778 704 2835 verbi
726 2779 780 2846 est,
803 2778 907 2855 incipit
920 2797 993 2837 rere
1010 2778 1067 2857 glo·

119 2883 174 2942 ria'
187 2881 278 2940 verbi.
313 2879 415 2944 (tuere
438 2877 586 2936 discemus
600 2877 688 2936 ¹hunc
709 2895 829 2935 versum
852 2875 1019 2958 intelligere
1033 2877 1066 2936 de

89 3017 92 3028 «
119 2981 258 3060 proiectu
277 2983 309 3040 et
332 2996 474 3038 successu
493 2975 640 3036 invisibili.
683 2977 791 3035 Noster
812 2979 888 3036 enim
908 2997 962 3038 rex
980 2979 1066 3038 hebet

120 3097 293 3141 successum
321 3084 352 3138 et
372 3079 538 3149 fortunam,
560 3076 675 3135 etiamsi
696 3079 731 3134 tu
753 3095 818 3142 non¹
833 3077 950 3150 rideas,
972 3095 1066 3154 neque

120 3181 209 3247 etiam
229 3178 381 3257 expediret
402 3197 455 3236 nos
478 3195 546 3236 eum
567 3195 738 3236 successum
759 3175 875 3248 videre,
907 3177 979 3254 quia
1004 3183 1066 3237 tum
1149 3245 1150 3262 χ

120 3279 302 3357 induremur.
336 3277 404 3336 dnm
426 3281 524 3336 autem
545 3277 709 3357 perfidem
731 3293 784 3335 nos
800 3278 895 3354 erigit,
915 3279 952 3336 ut
968 3294 1066 3356 spere-

118 3395 194 3449 mus,
215 3381 257 3447 ut,
273 3378 388 3436 etiarnsi
403 3377 517 3434 nullum
537 3377 620 3436 verbi
631 3376 762 3435 fructum
784 3375 946 3448 rideamne,
967 3381 1065 3436 tamen

119 3479 190 3557 quia
209 3478 258 3536 hio
279 3477 424 3554 scriptum
446 3481 500 3548 est,
523 3477 597 3536 certi
619 3477 710 3534 simus
732 3475 975 3536 nondeiutumnr
986 3476 1065 3535 fruo-

80 3655 84 3662 .
117 3583 190 3648 tum,
212 3575 266 3636 sed
286 3565 367 3634 certo
389 3579 578 3645 secuturum
591 3579 717 3634 tantum
738 3595 775 3634 ne
794 3576 969 3654 frangamur
989 3578 1064 3636 intu-
1149 3643 1150 3653 g

117 3681 203 3738 entes
223 3671 451 3754 inpraesentia,
473 3689 549 3748 quae
565 3673 732 3746 molestent,
754 3674 808 3734 sed
828 3676 998 3735 intueamur
1011 3691 1062 3754 po·

116 3769 178 3853 tius
198 3775 235 3833 ,in
262 3775 335 3832 istas
359 3772 587 3847 promissiones,
616 3773 696 3847 qnod
723 3773 901 3864 mrigtinnos
929 3771 1060 3850 exempto
