2366 4142
261 308 263 317 ’
370 367 395 434 3
468 348 675 457 agalmia.
826 327 831 338 '
966 316 1086 417 *ray

104 503 163 568 'nisi
176 499 179 504 ’
194 492 420 577 crediderimus,
446 521 599 582 nunquam
631 498 857 588 intelligamus·
882 497 939 560 Est
972 499 1049 586 enlm
1065 501 1081 551 ζ

108 608 228 668 verbum
248 604 371 664 allaurm
392 603 431 664 ad
451 623 505 664 nos
527 624 563 663 ex
582 598 634 662 illa
653 595 849 668 inaccessibili
863 599 938 670 lnce,
961 609 1050 678 quam
1083 683 1085 688 ,

108 705 188 767 Deus
216 705 341 792 habitat.
383 703 466 764 Tum
493 704 683 784 intelligitur,
714 720 782 760 cum
813 703 891 760 inter
917 701 1050 760 homines
1092 691 1095 696 ’

109 805 145 866 de
163 807 329 866 hominibus
351 805 467 877 dicitur,
490 805 612 865 sedhic
633 821 700 867 cum
723 801 810 882 pdt'er
831 806 978 873 aeternus,
999 801 1050 879 qui

109 907 238 987 Spiritus
271 909 331 978 est,
358 903 395 964 de
424 904 496 969 filio
511 923 565 964 suo
591 905 647 963 hoc
675 905 799 976 verbum
818 898 1051 981 loquitur²⁰⁰),
1159 934 1161 938 ·

89 995 229 1088 'mteffigi
257 1023 317 1066 non
336 1010 444 1085 potest.
467 1006 556 1066 Vides
579 1009 679 1064 autem
698 1005 755 1064 hoc
774 1005 839 1083 ipso
860 1005 892 1088 in
911 1003 976 1063 loco
998 1002 1053 1064 du·
1115 1042 1118 1049 -

75 1161 77 1167 ,
107 1107 212 1187 plicam
245 1107 506 1187 praedicationem.
555 1091 668 1166 Prima
686 1109 732 1166 est
764 1105 896 1178 interna,
932 1103 1050 1184 quando

107 1207 241 1268 domiuus
264 1225 331 1268 eum
350 1207 410 1266 filio
430 1200 571 1284 loquitur.
610 1208 689 1266 Eam
721 1225 775 1288 nos
796 1225 893 1283 neque
915 1205 1052 1274 audimus
1109 1197 1117 1213 “

107 1325 160 1368 nec
179 1308 388 1388 intelligimus,
418 1309 472 1368 sed
500 1312 616 1368 tantum
646 1305 823 1384 intelligitur
836 1339 840 1346 ·
855 1309 891 1366 ab
923 1327 973 1378 eo,
1001 1307 1053 1383 qui

58 1477 62 1486 ¹
109 1408 191 1483 dicit,
216 1414 246 1470 et
268 1409 307 1472 ad
328 1427 416 1484 quem
437 1407 554 1468 dicitur.
598 1405 702 1468 Altera
727 1407 910 1504 praedicatio
938 1411 984 1469 est
1006 1426 1054 1467 ex-

108 1514 205 1583 terna,
228 1503 346 1608 quando
366 1507 446 1568 iilius
466 1509 619 1602 nobiscum
638 1508 792 1585 loquitura·
825 1507 987 1580 „Dominus
1010 1505 1054 1566 di-

107 1611 147 1672 rit
165 1611 208 1670 ad
227 1629 288 1669 me:
282 1607 402 1667 unios
423 1591 519 1667 meus
529 1627 560 1668 es
581 1613 644 1667 tu.“
652 1599 763 1674 lianc
773 1607 909 1672 audimus
924 1607 1051 1684 quidem,
1099 1611 1134 1689 ,5

109 1709 167 1770 sed
180 1711 271 1770 etiam
292 1725 351 1768 non
371 1708 578 1785 intelligimus,
607 1707 670 1767 sola
691 1709 769 1768 enim
789 1708 848 1768 fide
869 1709 1053 1788 apprehendi
1122 1699 1126 1706 ¹
1165 1783 1170 1792 1

107 1811 169 1871 uult
191 1815 225 1870 et
242 1813 352 1889 potest.
373 1805 515 1886 Accipio
536 1799 629 1888 igitur
649 1807 747 1870 lecum
767 1808 848 1869 lianc
872 1809 909 1872 de
931 1828 1055 1889 genera·

108 1912 185 1971 tione
209 1914 339 1970 aeterna.

185 2007 348 2089 Augustini
366 2005 518 2088 disputat
510 2027 536 2069 ιιι
569 2025 628 2068 non
649 1937 800 2089 displicet,
829 2009 882 2070 ubi
902 2013 1082 2090 comparat·

108 2111 231 2172 verbnm
263 2110 418 2187 praeteriti
447 2109 589 2208 temporis
621 2128 688 2169 cum
722 2109 860 2170 adverbio
887 2112 1055 2189 praesentis
1099 2152 1102 2171 ,
1140 2095 1142 2100 ’

108 2209 263 2290 temporis,
284 2212 316 2268 ct
337 2207 409 2270 dicit
429 2203 528 2270 coram
548 2208 611 2270 Deo
633 2229 730 2287 neque
750 2211 946 2290 praeteritum
959 2221 1057 2288 neque

109 2309 244 2384 futurum
263 2327 343 2380 esse,
372 2310 425 2369 sed
447 2315 530 2370 extra
550 2315 669 2389 tempus
694 2311 775 2370 etin
797 2313 974 2371 aeternitate
995 2330 1056 2372 om·
1107 2343 1109 2348 s
1141 2377 1146 2389 ,

110 2411 159 2476 nio¹
171 2415 247 2472 'esse
267 2411 451 2488 praesentia:
480 2413 511 2470 et
542 2415 642 2470 tamen
668 2414 802 2490 tempore
822 2411 985 2490 praeterito
1006 2405 1057 2494 uo·
1078 2411 1082 2418 '

110 2509 163 2572 luit
171 2511 303 2592 Spiritus
325 2519 446 2570 sanctus
468 2511 513 2570 uti
535 2510 574 2569 ad
596 2499 756 2570 notandam
771 2509 982 2591 perlectionem
1004 2531 1057 2578 aa*

110 2595 247 2682 tiv'itatis,
269 2610 392 2686 alioqui,
415 2611 454 2681 si,
475 2613 510 2670 ut
528 2629 578 2670 res
602 2615 661 2682 est,
683 2610 764 2687 loqui
784 2609 1057 2686 rolumm,·hodieJ

111 2709 243 2791 quotidie
278 2713 309 2769 at
324 2733 328 2742 ·
343 2727 461 2788 semper
491 2711 625 2769 nascitur
655 2715 685 2772 et
714 2713 803 2770 natus
825 2715 871 2770 est
891 2709 969 2770 iilius
990 2709 1056 2770 Dei.

111 2809 182 2870 llam
203 2810 365 2871 aeternitas
393 2827 491 2885 neque
519 2811 714 2890 praeteritum
736 2829 833 2886 neque
852 2810 985 2870 futurum
1005 2809 1058 2869 ha-

110 2910 167 2972 bet.
210 2907 259 2970 Ad
285 2911 366 2968 hunc
395 2908 531 2970 modum'
550 2911 724 2990 accipienda
757 2910 906 2988 particula
934 2909 1058 2982 „hodie‘i

59 3053 62 3060 ·
112 3014 159 3070 est
178 3028 233 3091 pro
254 3013 403 3087 tempore,
425 3010 545 3070 scilicet
559 3009 629 3082 Dei,
662 3017 719 3069 n'on
740 3011 850 3072 nostro.
884 3010 958 3070 'Nou
980 3011 1058 3070 enim

111 3112 265 3170 nobiscum
285 3107 419 3184 loquitur
438 3107 537 3180 Deus,
565 3110 618 3169 sed
640 3128 707 3170 cum
727 3109 793 3179 illo,
816 3109 877 3184 ,qui
907 3112 954 3168 est
974 3112 1058 3170 extra

111 3205 230 3290 tempus
250 3207 448 3288 apudDeum.
492 3207 551 3268 Nos
571 3209 714 3272 habemus
735 3210 794 3267 ista
806 3211 981 3286 ‚temporum
999 3189 1079 3268 dis-¹
1101 3220 1110 3248 ¹

111 3309 248 3379 crimina,
275 3312 311 3366 ut
343 3308 424 3366 aliud
451 3307 490 3367 s‘it
518 3307 619 3378 hodie,
648 3307 729 3366 aliud
759 3308 839 3379 heri,
865 3288 953 3366 ΙιιΙῑιιιί
981 3312 1057 3366 cias.

110 3395 198 3468 lianc
222 3407 426 3468 differentiam
458 3393 553 3466 nescit
581 3409 755 3477 aeternitas,
783 3409 848 3466 uhi·
862 3407 977 3467 nullum
1012 3411 1058 3467 est

66 3563 68 3570 ι
111 3507 246 3586 tempus,
279 3525 376 3584 neque
402 3507 598 3585 praeteritum
625 3525 680 3564 neo
700 3507 848 3578 futurum,
876 3507 930 3568 sed
950 3525 1058 3585 perpe·
1147 3549 1159 3562 ,

113 3611 199 3666 tuum
217 3607 320 3678 hodie,
348 3608 426 3668 sicut
446 3607 556 3668 Petrus
583 3605 718 3684 dicit¹);
759 3605 860 3680 „Unus
891 3607 955 3668 dies
976 3605 1058 3686 apud
1090 3633 1093 3644 ·

100 3886 103 3899 Ι
131 3820 203 3897 1⁰⁰)
221 3823 308 3882 Filius
328 3778 438 3900 genitus
458 3839 494 3916 es
512 3803 600 3900 petre.
675 3823 707 3899 l)
725 3823 751 3879 2.
772 3819 834 3880 Pei.
852 3825 879 3881 d·
944 3829 950 3846 ’
