2338 4140
398 327 736 421 ΡιιιῑιιὶΧΙιΫζ
803 435 805 440 ¹
899 353 937 368 ‘'
1000 331 1119 423 155-ae

114 516 147 574 ir
168 513 295 586 sareda,
322 513 353 571 el
373 510 452 572 dona
473 511 605 592 Spiritus
626 510 727 572 sancii
754 509 895 620 deferrier
922 489 1069 590 patientis
1152 505 1156 511 “

114 619 146 677 et
167 612 368 674 confutatione
388 612 637 683 adversariorum.
701 643 711 668 t

196 711 291 774 Addit
330 715 479 770 autem:
489 710 672 790 „Accingere
710 710 809 790 gladio
843 728 935 790 super
969 710 1068 799 femur

111 819 232 885 tuum,“
262 816 293 872 et
322 813 429 871 sumsit
450 812 675 872 similitudinem
692 831 711 871 a
731 811 887 880 militibus,
915 811 1001 886 quasi
1023 810 1067 870 di·
1095 799 1098 804 ¹
1151 877 1155 884 .

112 918 177 975 eat:
198 913 251 971 'l'u
272 912 363 971 debes
386 929 452 970 esse
472 915 597 991 paratus
620 894 699 970 omni
718 914 865 986 momento
887 914 918 970 et
938 911 1068 974 instrue·

110 1017 178 1084 tus,
199 1016 235 1070 ut
256 1011 375 1090 gladius
403 1011 443 1070 ad
470 1030 591 1070 manum
613 1013 677 1082 sit,
704 1029 764 1068 non
784 1011 816 1068 in
837 1010 935 1087 aliquo
957 1010 1067 1090 angulo

110 1112 264 1190 ferrugine
285 1110 400 1170 obsitus
422 1110 461 1169 ad
481 1113 628 1189 parietem
648 1110 795 1190 pendeat,
826 1114 869 1182 ut,
886 1103 1092 1188 'quanquamsp

110 1229 172 1270 non
205 1209 325 1269 assiduo
359 1207 463 1280 ieriat',
495 1214 597 1268 tamea
629 1212 660 1270 in
693 1214 814 1288 promtu
842 1211 890 1270 sit.
943 1211 995 1270 Sic
1026 1211 1067 1280 ad

110 1309 262 1389 apheo:
290 1307 382 1380 „Silis
404 1309 528 1368 calceati
549 1299 580 1367 in
599 1310 829 1388 praeparatione
849 1310 994 1390 evangelii
1012 1327 1067 1390 pa-

83 1449 86 1456 ,
111 1411 185 1470 cis.“
227 1408 353 1487 Oportet
374 1399 451 1468 enim
473 1409 642 1467 ministrum
663 1428 729 1468 esse
750 1389 938 1480 instructum,
959 1413 995 1470 ut
1014 1409 1068 1468 ba-

108 1505 183 1568 beat
204 1507 244 1566 ad
264 1525 385 1566 manum
407 1494 547 1592 gladium.
590 1508 665 1576 Nam
681 1509 738 1568 etsi
759 1508 895 1568 diabolus
915 1508 1083 1568 interdum·

110 1609 249 1686 quiescit,
272 1611 372 1666 tamen
392 1606 480 1676 radit,
502 1613 558 1664 rieo
580 1611 626 1666 est
647 1607 841 1680 stutendum,
864 1611 950 1686 quasi
970 1609 1068 1700 into-

4 1705 5 1708 ’
108 1712 177 1769 tum
199 1707 239 1766 sit
259 1707 442 1782 quieturus,
454 1709 556 1784 potest
577 1707 759 1784 aliquamdiu
780 1727 921 1781 cessare,x
941 1703 1000 1768 nou
1021 1717 1067 1794 ta·

64 1869 68 1882 ,
108 1826 180 1867 men
201 1806 319 1876 omittit,
341 1807 413 1883 quin
433 1806 547 1866 redeat.
589 1805 740 1869 Debemus
760 1811 854 1888 igitur
875 1827 993 1888 semper
1012 1825 1067 1888 pa·
1133 1803 1135 1806 ’

108 1907 172 1966 rati
193 1925 260 1966 esse
282 1910 313 1964 et
334 1910 508 1985 exspectare
526 1901 654 1985 siugulis·
664 1911 820 1968 momentis
842 1909 965 1982 hostem,
987 1910 1087 1980 siout,
1145 1945 1148 1952 ,

109 2007 150 2066 da
172 2006 291 2066 Christo
313 2005 363 2082 bio
383 2004 500 2078 dieitur,
522 2007 603 2083 quod
628 2006 661 2064 id
680 2007 785 2080 iaciat,
813 2013 864 2088 qui
886 1993 934 2074 est
953 2005 1065 2086 ἾἹᾟ,
1154 2019 1158 2026 ’

107 2119 225 2190 idest,
248 2116 347 2198 gigas,
373 2117 516 2178 robustus
537 2118 681 2190 bellator,
710 2120 800 2198 idque
820 2141 876 2202 pro
898 2129 999 2202 uobis,
1020 2093 1065 2206 ut,

109 2237 283 2297 quanquam
311 2217 441 2276 mundus
469 2221 500 2276 et
528 2217 664 2278 diabolus
688 2225 793 2281 contra
814 2223 967 2288 Christum
987 2249 1066 2314 pug-
1127 2299 1133 2310 .

111 2323 197 2390 nant,
219 2337 278 2376 non
297 2317 498 2376 formidemus.
541 2315 599 2377 Est
620 2320 697 2378 enim
720 2327 823 2382 noster
839 2345 898 2413 rex,
911 2323 1013 2404 ἾΊΞΆ,
1034 2333 1067 2393 id

108 2435 166 2504 est,
187 2432 367 2490 fortissimus
387 2447 447 2501 rex,
470 2431 556 2510 eujus
579 2435 662 2491 certa
684 2433 723 2492 sit
743 2437 875 2498 victoria.
905 2413 1065 2527 Seqqltmg

193 2531 235 2591 Et
256 2531 354 2590 laude·
369 2534 399 2588 et
420 2535 535 2602 ornatu,
557 2531 674 2603 idest,
697 2534 857 2597 sohmucke
879 2541 947 2601 dich
964 2546 1065 2622 schoa,

68 2665 71 2674 =
108 2650 185 2694 orna
205 2636 236 2692 te
257 2631 465 2710 pulcherrime.
510 2631 573 2689 Gur
593 2631 650 2691 hoc
672 2633 776 2706 additi
811 2635 949 2718 Explicat
970 2651 1065 2710 nostri
1099 2664 1101 2670 “
1151 2689 1159 2699 ι

107 2731 262 2792 bellatoris
285 2745 383 2801 arma,
415 2729 496 2808 quod
528 2731 588 2789 sint
608 2731 751 2808 pulchra,
780 2741 902 2800 nonita
923 2743 1067 2812 deformia

51 2817 53 2820 ⁵
110 2836 144 2892 et
164 2831 327 2902 terribilia,
351 2832 429 2890 sicut
451 2829 560 2889 diaboli
581 2850 672 2905 arma,
694 2827 771 2910 quae
793 2847 864 2899 sunt
885 2859 968 2903 arma
987 2843 1067 2908 moi·-
1090 2843 1112 2860 ”

107 2933 166 3003 tis,
199 2933 343 3011 peceati,
362 2931 542 3006 iniquitatis,
571 2932 720 2993 tristitiae.
764 2937 838 2997 Nam
860 2942 953 3002 Satan
976 2939 1103 3012 etiam,
1157 3007 1159 3024 ,

109 3032 204 3108 habet
225 3030 373 3110 gladium,
405 3030 461 3090 sed
481 3050 573 3090 oruen
574 3035 652 3106 t,um
687 3023 892 3117 turpissimum
920 3049 959 3104 et
970 3051 1066 3126 pessi·
1158 3095 1159 3106 ,

108 3151 200 3203 ιιιιιιιι,
221 3131 317 3190 nostri
348 3133 448 3189 autom
477 3132 561 3208 regis
580 3152 662 3192 arma
683 3147 754 3196 sunt
781 3143 921 3218 gratiosa.
964 3147 1065 3212 Nostri
1157 3205 1158 3208 ,

110 3232 190 3290 enim
211 3232 290 3310 regis
312 3230 429 3310 gladius
450 3249 509 3289 non
530 3231 597 3292 ideo
617 3237 766 3313 percutit,
788 3250 824 3300 ut
844 3245 953 3323 perdat
973 3247 1067 3310 homi.
1131 3291 1135 3298 .

60 3385 70 3394 ,
109 3350 173 3404 nes,
196 3331 250 3389 sed
268 3335 303 3389 ut
324 3330 427 3390 salrab
459 3331 509 3389 Sic
530 3350 585 3412 ego
605 3352 707 3414 pugno
729 3344 833 3400 contra
855 3344 1064 3426 Caristadium,
1123 3393 1129 3404 »
1156 3361 1157 3366 ’

101 3430 273 3510 Zinglium,
296 3435 326 3490 et
347 3434 471 3501 ceteros,
491 3435 526 3490 ut
546 3432 647 3493 malim
663 3455 713 3498 eos
725 3439 832 3514 vivere,
855 3463 944 3521 quam
964 3452 1066 3528 perire
1154 3441 1156 3499 ἶ

110 3533 143 3590 et
162 3531 246 3602 mori,
267 3529 473 3604 vulneramus,
498 3551 558 3592 non
578 3537 613 3594 ut
634 3531 806 3602 damnemus
826 3535 988 3621 hominem,
1010 3552 1079 3618 sad·
1150 3577 1155 3604 ι

111 3635 147 3689 ut
169 3651 307 3692 curemus
337 3636 367 3692 et
389 3633 574 3693 eradicemus
595 3637 681 3710 vitia,
705 3641 840 3703 volumus
862 3664 981 3709 servare
1004 3671 1062 3730 eos,

97 3739 172 3790 'non
192 3731 334 3811 perdere,
356 3733 435 3792 sicut
457 3733 594 3834 Christus
617 3735 703 3799 dicit:
745 3742 826 3812 „Non
848 3749 913 3806 veni
934 3752 1062 3830 perdere
1151 3793 1153 3812 ι

113 3831 263 3901 mumdum,
286 3831 338 3892 sed
360 3837 395 3893 ut
417 3835 522 3895 vivat-‘⁸'
