2338 4140
425 370 569 436 Psalmi
589 349 686 436 xliii.
927 447 930 476 ‘
954 345 1091 462 '1409'

40 527 43 535 “
81 520 158 582 nihil
183 519 325 583 afficiunt
369 521 449 590 (luia
475 528 553 587 enim
568 533 639 588 'non
669 533 740 590 sunt
767 507 950 607 esurientes,
981 533 1035 594 sed
1097 517 1101 526 ¹

80 624 187 694 saturi,
209 642 268 683 non
291 625 370 704 sapit
391 626 433 684 eis
454 625 503 686 hic
526 629 619 698 cibus,
633 613 700 687 'non
717 633 787 688 suut
809 631 951 694 sitientes.
974 621 1035 699 itui

79 726 183 782 autem
204 725 300 783 vexati
321 729 392 784 sunt
413 730 444 785 et
466 729 600 800 sentiunt
623 746 712 804 veros¹
731 727 869 789 terrores
883 712 1062 794 consciens

78 823 157 894 tiae,
189 823 232 881 illi
262 829 386 898 norunt,
410 831 523 901 quanta
544 827 707 885 consolatio
729 829 781 899 sit,
812 830 923 889 habere
944 831 1035 894 talem

78 941 197 1001 regem,
230 923 317 1000 qu'us
347 928 410 982 tam
432 925 535 984 suavia
556 929 627 982 sunt
656 923 749 996 labia,
777 927 828 1002 qui
856 929 1064 1002 consoletur„

78 1011 303 1100 amplectatum'
325 1024 424 1084 foveat
440 1027 475 1092 ¹et
493 1027 596 1102 portet
616 1029 808 1101 peccatores,
831 1029 908 1086 sicut
928 1034 1034 1106 pastor
1086 1037 1089 1054 '

78 1122 162 1182 fovet
183 1141 227 1181 ac·
239 1126 341 1201 portat
361 1123 493 1182 sauciam
514 1139 606 1204 ovem,
627 1123 685 1208 imo
707 1127 758 1200 qui
779 1127 868 1185 etiam
889 1130 1034 1188 moriatur

78 1239 136 1302 pro
157 1222 375 1300 peccatoribus.
397 1222 483 1280 llaec
503 1225 631 1300 possunt
653 1223 769 1302 erigere
789 1243 840 1306 cor
862 1229 1030 1302 contritum,

78 1320 163 1397 quod
182 1321 262 1381 labia
281 1323 362 1402 regis
390 1321 480 1398 hujus
510 1325 581 1380 sunt
603 1320 842 1402 diffirsa'gr'atia,
865 1327 944 1402 quod
965 1328 1031 1405 ejus

76 1421 239 1500 sapientia,
262 1441 322 1498 qua
349 1421 538 1481 administrat
557 1437 685 1500 regnum
714 1442 816 1495 suurn,
848 1427 887 1485 sit
907 1419 1031 1488 verbum
1062 1452 1064 1457 ·

3 1573 5 1580 ,
46 1522 165 1594 ,vitae
187 1525 218 1580 et
237 1539 364 1600 regnum
385 1523 449 1600 ejus
471 1540 596 1599 regnum
617 1523 740 1600 gratiae,
765 1524 870 1583 salutis
892 1529 922 1584 et
942 1527 1029 1599 vitae,

75 1622 109 1680 in
131 1637 189 1697 quo
211 1621 285 1680 nihil
316 1622 437 1681 auditur
463 1623 521 1680 nisi
549 1641 604 1680 vox
632 1602 838 1718 consolationis
865 1625 1029 1700 humilium,

74 1739 133 1782 vox
151 1721 283 1786 laetitiae
304 1726 335 1782 et
354 1741 410 1781 vor
430 1722 541 1801 sponsi.
819 1730 823 1739 “

160 1821 223 1881 Sed
251 1822 324 1898 qnid
355 1822 484 1881 mundus
517 1821 555 1880 de
582 1820 628 1882 his
649 1819 734 1880 labiis
753 1821 890 1900 judicati
922 1843 1029 1906 nempe
1068 1827 1070 1838 '
1098 1810 1102 1817 ¹

76 1921 160 2000 quod
180 1922 241 1982 sint
260 1921 419 1992 haeretica,
442 1939 518 1998 quae
534 1923 675 1982 damnent
691 1923 769 1980 bona
791 1939 890 2002 opera,
912 1929 943 1983 et
958 1911 1029 2004 pros

74 2024 200 2084 hibeant
218 2023 298 2082 hona
317 2021 424 2092 facere,
446 2025 476 2082 et
496 2026 613 2104 tantum
630 2023 817 2102 praecipiant
836 2023 967 2094 credere,
989 2025 1029 2085 si·

74 2128 130 2185 out
150 2121 246 2202 hodie,
259 2135 313 2181 nos
334 2125 493 2192 accusant,
523 2123 601 2199 quod
623 2108 792 2182 Lutherani'
808 2113 880 2186 nihil
902 2124 1034 2202 doceant·
1126 2140 1143 2212 Ἰ

73 2225 134 2284 nisi
154 2223 193 2284 de
212 2221 280 2280 lide.
324 2221 410 2280 Sicut
430 2222 525 2298 igitur
537 2221 678 2282 Christus
696 2241 748 2306 rer
768 2227 870 2285 noster
889 2225 1028 2305 turpissi-

72 2343 141 2385 mus
162 2340 236 2402 prae
256 2321 324 2381 filiis
344 2322 494 2380 hominum
516 2321 657 2380 amundo
671 2321 832 2398 judicatur,
854 2325 897 2384 ita
909 2345 1027 2401 quoque
1051 2321 1055 2332 '
1083 2379 1091 2397 ,

74 2426 156 2486 labia
178 2424 244 2510 eJ'sz
266 2440 324 2482 non
347 2422 453 2500 gratia,
475 2419 528 2480 sed
551 2419 697 2506 diabolica
716 2422 794 2481 iuria
821 2423 928 2483 diffusa
965 2399 1038 2484 cla·⁸
1112 2493 1119 2500 ¹

73 2529 167 2586 mant.
211 2523 331 2582 canunt
352 2521 444 2600 igitur
463 2520 543 2580 hunc
564 2539 682 2579 vorsum
718 2522 756 2580 ad
783 2522 864 2580 hunc
889 2523 1023 2607 modum:

52 2625 285 2704 ,Turpissimns
315 2631 389 2700 piae
419 2619 485 2679 filiis
517 2621 680 2692 hominum,
718 2625 749 2680 et
775 2621 852 2678 furia
880 2619 1025 2694 diabolica

72 2725 184 2786 diffusa
210 2727 269 2800 est,
285 2723 316 2780 in
336 2721 423 2779 labiis
445 2721 515 2780 tuis.
558 2720 663 2780 Verbis
693 2715 810 2795 quidem
832 2720 942 2780 talibus
965 2741 1023 2782 non

70 2810 268 2896 canuntJJsed
289 2838 380 2882 sensu
401 2819 498 2880 cordis
520 2822 550 2877 et
570 2817 739 2889 intellectu,
762 2817 972 2883 sic‘damnant
993 2831 1024 2882 et
1122 2893 1127 2908 .

70 2925 268 2988 criminantur
290 2921 442 2981 Christum
463 2920 494 2978 in
515 2913 649 2978 omnibus
672 2919 801 2997 collegiis
826 2920 1021 2992 sacerdotum,

69 3028 104 3087 in
124 3023 258 3084 omnibus
280 3021 481 3091 monasteriis,
502 3019 533 3077 in
555 3019 689 3078 omnibus
711 3019 844 3098 templis,
867 3021 987 3104 quod
967 3039 1022 3081 vox

69 3127 139 3204 ejus
161 3125 200 3188 sit
220 3122 366 3182 diabolica
388 3125 418 3180 et
438 3119 541 3214 lingna
562 3120 628 3196 ejus
650 3121 689 3177 sit
709 3118 799 3197 plena
820 3121 951 3180 satanico
972 3141 1021 3181 ve·
1095 3155 1098 3165 =

68 3241 157 3293 neno,
178 3239 275 3297 neque
292 3240 357 3280 esse
374 3218 465 3278 ullam
484 3223 591 3277 nocent
592 3220 682 3277 iorem
697 3222 765 3297 pest
767 3238 820 3290 orn,
842 3239 930 3296 quam
952 3221 1021 3281 doc·

67 3323 180 3384 trinam
202 3321 330 3392 Christi,
361 3319 510 3397 dignam
501 3322 598 3376 iraet
585 3318 685 3376 todio
707 3319 843 3378 omnium.
886 3319 945 3379 Nos
968 3341 1021 3380 au·
1042 3307 1045 3313 ¹

65 3427 139 3493 tem,
161 3421 212 3498 qui
233 3439 335 3480 sumus
357 3417 476 3478 contriti
498 3420 527 3476 et
547 3419 655 3488 miseri,
676 3418 879 3478 exosculamur
900 3425 931 3479 et
949 3421 1020 3480 reti-

66 3539 193 3582 neamus
214 3499 288 3580 haec
308 3519 395 3578 labia.
438 3517 505 3576 Fiet
526 3515 698 3602 aliquando,
720 3522 755 3576 ut
775 3516 886 3596 templa
907 3522 939 3577 at
958 3538 1020 3578 mo·

66 3621 202 3700 nasteria
222 3617 340 3678 illorum
361 3637 413 3677 rex
434 3621 535 3677 noster
554 3623 678 3697 propter
699 3617 752 3677 has
775 3616 854 3677 diras
883 3617 1020 3697 blasphe-

65 3722 145 3782 mias
166 3720 209 3779 ita
231 3719 375 3798 disjiciat,
396 3721 432 3778 ut
452 3735 512 3778 non
532 3717 718 3812 relinquatur
738 3715 816 3798 lapis
837 3735 929 3798 super
944 3717 1089 3824 lapi

67 3820 148 3882 dem.
186 3819 254 3882 Hoc
273 3819 385 3890 volunt,
407 3822 438 3880 et
456 3817 508 3883 liet
529 3805 617 3882 certo.
747 3820 749 3826 '
