2366 4142
91 377 96 394 .
148 323 219 418 91,
284 379 286 388 ,
344 341 345 348 ’
480 327 720 394 „Enarratie

145 481 219 542 nuci
240 479 270 546 ut
291 468 425 546 ‘conteret
446 484 549 542 testas.
590 480 724 542 Manebit
746 489 846 566 autem
866 483 947 562 apud
968 502 1030 558 nas,
1051 487 1088 546 si-

146 583 199 640 cut
220 580 383 652 credimus,
411 597 482 658 vera
506 581 637 658 justitia,
667 577 828 662 replentia,
856 567 938 644 'salus
966 591 997 645 et
1022 587 1086 656 vita
1166 593 1167 630 1

144 679 217 741 uelit
241 680 316 740 nolit
332 678 475 760 'mundus
495 683 535 765 ¹et
562 682 664 744 Satan.
716 683 789 742 Nam
823 685 946 742 verbum
985 685 1088 744 domini

144 785 245 843 manet
264 783 478 854 inaeternum,
499 785 599 840 manet
618 781 749 860 pontifex
773 787 802 843 et
823 803 874 843 rer
894 790 998 844 nester
1010 785 1090 844 Chri·

144 885 224 952 stus,
252 881 438 943 manebimus
468 900 521 940 nos
544 901 677 958 quoque,
712 885 762 958 qui
796 886 826 944 in
847 905 914 944 eum
936 885 1089 955 credimus,

142 981 244 1074 hostes
264 985 364 1040 autem
385 982 468 1040 verbi
489 999 589 1042 omnes
610 969 700 1046 ruent
721 989 751 1044 et
771 986 928 1063 peribunt,
956 1003 1050 1048 amen.

141 1127 145 1154 ³
223 1114 290 1175 Non
321 1118 423 1174 autem
451 1133 485 1174 ec
516 1101 627 1198 selum'
642 1117 766 1196 respicit
795 1119 928 1196 Spiritus
960 1123 1088 1188 sanctus,

92 1211 95 1220 ’
139 1213 214 1276 ¹cum
242 1217 338 1274 utitur
369 1215 560 1276 similitudine
580 1205 663 1274 vasis
679 1215 808 1294 figulini,
842 1216 923 1292 quod
952 1217 1089 1276 facillime

141 1321 172 1375 'et
195 1317 258 1375 sine
280 1315 356 1385 omni
378 1316 495 1394 negotio
515 1316 685 1394 frangatur,
716 1315 770 1377 sad
796 1314 888 1391 quod'
902 1315 1003 1375 fracta
1022 1335 1090 1376 rasa

85 1487 88 1502 Ι
141 1415 263 1496 ligulina
296 1414 406 1474 nullius
437 1433 562 1493 prorsus
596 1403 656 1474 sint
691 1433 775 1474 usus.
818 1413 933 1493 Lignea
966 1415 1090 1474 cremari

135 1520 281 1598 possunt,
311 1520 341 1575 et
370 1515 470 1575 valent
500 1515 539 1573 ad
576 1517 674 1594 ignem
707 1515 963 1587 succendendum,
996 1517 1090 1574 ferree

138 1635 227 1689 rasa,
249 1620 403 1697 argentea,
420 1633 518 1683 ¹cumea
538 1616 563 1674 sl
584 1615 712 1693 franges,
733 1611 877 1692 rellduiae
899 1619 1002 1674 tamen
1023 1618 1089 1674 sunt

105 1717 266 1796 :alicujus
286 1737 378 1788 usus,
399 1715 452 1774 scd
473 1720 576 1793 partes
596 1715 710 1792 figulini
738 1717 817 1774 vasis
837 1733 963 1794 prorsus
987 1715 1027 1775 ad
1047 1717 1088 1774 ni-

52 1795 56 1817 ’
138 1818 182 1879 hil
202 1823 273 1878 sunt
292 1819 395 1878 utiles:
418 1815 460 1876 sic
476 1809 654 1892 abjicientur
667 1815 698 1872 in
714 1820 868 1874 aeternum
877 1815 981 1876 hostes
998 1817 1085 1878 verbi.

268 1913 273 1939 t

29 2017 32 2020 .
132 1973 500 2047 Nuncergoreges
522 1965 750 2037 erudimini,
781 1969 904 2027 sinite
937 1988 1087 2038 vessa-

207 2057 208 2062 '
368 2068 514 2146 stigari
532 2067 857 2146 judicesterrae.

112 2212 137 2232 s»
217 2184 374 2246 Hactenus
404 2203 506 2264 regem
539 2184 692 2244 Christum
725 2188 755 2242 et
785 2175 911 2262 regnum
932 2183 1001 2262 ejus
1021 2204 1087 2266 pro-
1165 2171 1166 2196 ¹

133 2289 227 2370 pheta
247 2285 364 2364 Spiritu
384 2289 487 2344 sancto
507 2285 616 2363 plenus
636 2281 746 2361 pinxit,
767 2303 847 2342 nunc
867 2283 951 2344 addit
973 2288 1087 2347 concio·

134 2407 203 2453 nem
224 2386 466 2470 exhortateriam,
498 2386 585 2462 cujus
614 2383 803 2454 nihilsimile
823 2385 954 2444 invenies
976 2388 1009 2449 in
1030 2375 1096 2446 ems

130 2493 222 2550 nibus
243 2483 368 2567 literip.'
388 2484 456 2555 Hae
470 2527 476 2536 -
489 2484 570 2544 enim·
593 2467 690 2560 selent
725 2483 774 2542 alii
796 2487 974 2563 scriptores,
1010 2505 1085 2546 com·

132 2589 277 2656 mendant
296 2587 421 2664 imperia
442 2589 473 2644 et
492 2586 694 2664 magistratus,
719 2603 755 2642 ec
775 2583 935 2646 hortantur
955 2586 996 2646 ad
1019 2589 1084 2646 obe·

128 2691 277 2750 -dientiam
297 2686 446 2756 subditas,
461 2703 504 2744 ae
523 2687 600 2744 bene
622 2684 753 2762 quidem:
783 2683 837 2743 sed
863 2687 1014 2764 propheta
1042 2685 1083 2744 di·

16 2831 18 2840 ι
133 2789 338 2858 versumfneit,
350 2805 408 2846 non
416 2787 550 2863 loquitur
559 2784 830 2854 cumrusticis,non
838 2804 905 2844 cum
913 2787 1017 2858 servis,
1026 2805 1081 2846 nen
1164 2819 1165 2836 1

134 2909 202 2952 cum
215 2889 318 2968 pueris
330 2929 337 2957 ,
350 2891 386 2946 ut
405 2888 465 2946 sint
475 2884 724 2956 obedientes-sed
734 2900 802 2943 cum
816 2885 889 2964 ipsis
906 2886 1038 2964 regibus,
1053 2889 1081 2944 et

38 2983 43 2988 ⁵
132 2989 262 3060 mandat,
276 2991 313 3048 ut
323 2988 479 3066 patiantur
488 3006 523 3046 se
533 2985 645 3044 erudiri
658 2988 688 3044 et
699 2984 892 3062 disciplinari.
937 2985 1081 3057 Quidup-

133 3109 222 3167 quam
243 3087 382 3147 audivisti
403 3086 517 3146 similat
547 3086 646 3146 vocari
668 3084 707 3155 ad
728 3084 912 3164 disciplinam
936 3105 1002 3158 ecs,
1032 3081 1080 3164 qul

131 3191 196 3250 aliis
217 3186 386 3267 imperanti
428 3183 476 3246 An
496 3203 555 3246 non
575 3186 847 3264 magnasuperbia
868 3189 921 3261 est,
948 3187 992 3246 sic
1013 3205 1079 3246 con·

130 3289 245 3352 lemtim
265 3305 333 3346 cum
349 3288 474 3364 'regibus
498 3285 580 3361 loqui
600 3287 632 3344 in
653 3279 845 3364 generew),
867 3285 983 3360 nullum
1004 3285 1078 3346 exei-

129 3403 217 3472 pere,
245 3386 300 3446 sed
327 3368 427 3445 amnes
459 3385 546 3445 simul
573 3385 684 3461 alloqui
716 3388 858 3461 tanquam
887 3385 1001 3458 fatuos,
1028 3385 1076 3462 qui

130 3489 204 3552 nihil
218 3485 404 3564 intelligant,
426 3473 568 3562 tanquam
587 3487 654 3564 Asina
674 3484 805 3564 legibus,
835 3487 898 3548 sine
921 3486 1075 3564 disciplina

74 3597 94 3666 j
128 3566 382 3652 onim'viventest
405 3587 457 3644 -Si
479 3587 556 3644 enim
573 3585 637 3662 jam
657 3588 746 3644 antea
767 3587 903 3666 sepiunt,
928 3606 983 3647 eur
1004 3584 1075 3645 dicit

141 3725 337 3752 μισ-*ν’*

123 3813 127 3822 ·
165 3789 219 3861 20)
238 3787 335 3859 Reges
354 3779 445 3837 mundi
466 3780 575 3838 damnat
600 3779 707 3851 Spiritu
724 3787 836 3848 neustr.
